4402 7066
575 402 1158 496 teutrannus
1213 406 1324 494 xit.
1703 431 1781 516 151

169 548 238 634 xit:
263 531 410 628 deinde
422 543 594 654 reliquos
611 570 775 654 quoque
791 549 860 658 qui
875 551 914 630 in
933 525 1047 631 aruris
1062 575 1192 642 erant,
1222 549 1290 632 sibi
1305 547 1543 646 conciliarit,
1569 546 1710 658 injecta
1719 545 1792 629 sus·
1805 534 1986 622 nlotulre

163 659 315 770 picinne
332 655 526 740 Caesarem·
539 657 704 766 quidem
717 659 1004 768 componenda
1020 663 1141 742 tutbae
1159 661 1269 744 causa
1290 663 1479 774 Regnum
1497 661 1670 768 utrisque
1680 659 1791 750 srmul
1804 642 1848 684 '¹¹'
1860 639 1914 698 ²⁷5
1915 661 1924 679 '

160 769 324 862 dedisse,
353 767 418 848 scd
434 769 632 876 progressu
651 773 836 878 temporit
852 771 923 852 soli
937 771 1163 878 Cleopatra
1179 771 1220 853 id
1230 772 1512 857 retributurum.
1569 769 1790 855 Videbatur
1951 861 1955 868 ,
2047 881 2050 888 ¹

159 905 282 964 autem
308 904 370 958 res
395 877 576 987 indigna,
613 879 682 960 sub
708 881 873 986 imperio
892 879 968 964 esse
995 879 1158 964 seminae.
1213 883 1337 966 Erant
1358 907 1440 964 turn
1459 879 1790 992 ipsrscaecopiae‘,
1964 871 1969 898 '

155 991 293 1182 quipus
312 987 350 1071 se
366 987 716 1180 Cardsaqiapispares
730 989 807 1181 essse
825 989 1093 1185 confideqant:
1120 991 1397 1077 cum‘lrisreeta
1411 991 1682 1076 Alexandriam
1692 1018 1789 1118 cott-
1899 1015 1904 1026 ·

152 1128 214 1186 ten
243 1124 376 1191 entes,
402 1127 424 1178 a
448 1186 451 1192 ,
500 1127 741 1182 centonem
768 1129 897 1186 ccom
930 1129 990 1184 ara
1019 1125 1093 1184 ant.

201 1209 341 1294 Subito
357 1213 547 1292 exercitus
574 1211 745 1323 Regius,
771 1129 1046 1324 equitatiusque
1060 1213 1190 1296 omnis
1204 1214 1337 1297 venue
1357 1213 1397 1296 irr
1415 1211 1549 1297 urbem
1570 1212 1785 1298 nunciatur.
1801 1223 1977 1306 Cas-beleis

149 1323 308 1406 Calatis
331 1323 455 1430 copia
481 1347 727 1433 nequaqnam
752 1347 862 1406 erant
887 1347 1001 1406 tantae
1018 1346 1063 1406 ut
1077 1325 1132 1406 eis
1151 1349 1257 1407 extra
1279 1324 1495 1439 oppidum,
1523 1323 1659 1408 stellet
1669 1321 1783 1407 dimid
1796 1304 1816 1364 ¹·
1827 1322 1854 1382 ³·

146 1433 336 1529 candum,
372 1429 611 1526 continerer,
648 1433 950 1542 relinquebatur,
979 1459 1024 1518 ut
1040 1434 1077 1516 se
1087 1434 1162 1516 suis
1176 1434 1271 1519 locis
1289 1437 1442 1544 oppido
1459 1461 1629 1530 teneret,
1657 1432 1784 1519 conss

148 1547 322 1652 lirimque
354 1541 803 1652 Achillae'cognoherct.
861 1544 1009 1628 Milites
1039 1569 1170 1628 tamen
1194 1545 1232 1628 in
1257 1549 1372 1629 armis
1387 1546 1465 1629 csse
1476 1545 1603 1655 juffir,
1631 1547 1782 1658 regern·¹

139 1677 226 1766 ‘que
250 1653 427 1738 hortatus
452 1653 529 1746 cll,
565 1677 610 1736 ut
639 1681 686 1734 ex
708 1650 781 1736 suis
798 1654 1030 1750 necessariis,
1060 1681 1163 1764 quos
1177 1655 1336 1744 haberet
1353 1657 1520 1740 maxime
1537 1654 1782 1752 autoritatis,

147 1765 316 1878 Legatos
333 1763 385 1843 ad
403 1761 591 1844 Achillam
610 1765 800 1859 mitteret,
829 1771 867 1846 δι
885 1766 981 1875 quid
1001 1765 1093 1848 elles
1108 1764 1183 1848 suae
1198 1767 1410 1850 voluntatis
1433 1767 1666 1852 ostenderet.

202 1873 310 1957 Milli
327 1873 413 1957 sunt
429 1879 451 1956 a
470 1871 682 1957 Ptolcmaeo
702 1875 948 1959 Dioscorides
971 1885 1010 1961 δι
1028 1877 1213 1986 Serapion
1230 1879 1301 1988 qui
1315 1881 1435 1962 ambo
1453 1879 1588 1990 Legati
1603 1879 1775 1960 Romam
1791 1883 1833 1945 1&
1841 1881 1910 1956 tutu:

147 1993 317 2077 iterant,
346 1985 609 2094 magnsmque
632 1986 738 2094 apud
758 2013 910 2098 patrem
935 1985 1192 2070 Ptolemaeum
1217 1989 1464 2072 autoritatem
1491 1988 1701 2084 haberent,
1729 1985 1781 2070 ad
1861 2005 1864 2010 ’

152 2095 346 2182 Achillam
369 2094 440 2206 ipsr
464 2121 735 2204 pervenerunt.
792 2097 912 2198 Quos
936 2097 1001 2181 ille
1027 2123 1152 2207 quum
1176 2099 1217 2181 in
1236 2099 1445 2210 conspeslu
1465 2097 1552 2200 ejus
1570 2097 1783 2192 venissent,
1886 2117 1887 2120 ‘

151 2207 371 2320 priusquam
396 2209 571 2300 audirer,
605 2231 673 2291 aut
697 2207 810 2314 cujus
828 2209 883 2292 rei
903 2210 1014 2292 causa
1030 2207 1126 2290 milli
1151 2209 1272 2292 essent
1289 2263 1303 2305 ,
1320 2208 1612 2321 cognosceret,
1637 2207 1785 2318 'corripi
1836 2203 1862 2302 ,’

152 2347 195 2402 ac
210 2317 376 2400 interfici
389 2315 503 2423 J'uffir.
561 2315 743 2424 Qorum
761 2321 855 2401 alter
871 2341 1033 2432 accepto
1049 2319 1208 2404 vulnere
1227 2345 1444 2432 occupatus
1458 2319 1783 2432 petsuosprooc·

152 2431 229 2514 cilo
244 2429 439 2524 sublatus,
463 2429 558 2511 alter
574 2428 797 2514 intersestus
816 2429 887 2540 est,-
1754 2481 1785 2535 0

203 2542 305 2648 Qro
333 2539 435 2620 saslo
460 2539 612 2649 Regem
631 2541 729 2621 urin
747 2540 812 2621 sua
828 2539 1019 2650 potestate
1037 2537 1220 2636 haberet,
1249 2539 1378 2623 Cesar
1400 2539 1553 2635 effecit,
1582 2541 1784 2652 nragnlrni·

150 2679 249 2761 que,
280 2648 454 2762 Regium
477 2677 624 2731 nornen
644 2650 748 2758 apud
766 2651 885 2747 suos,
912 2652 1159 2734 autoritatem
1185 2650 1328 2733 habere
1345 2651 1565 2734 existimans
1593 2657 1632 2732 bt
1649 2673 1694 2733 ut
1711 2663 1785 2759 po‘·

150 2767 224 2846 tius
249 2763 405 2872 priuato
428 2775 643 2870 paucorum
667 2767 706 2842 &c
729 2761 924 2844 latronum
943 2761 1125 2858 consilio,
1151 2765 1271 2874 quarn
1290 2760 1423 2895 Regio
1444 2762 1661 2874 susceptum
1682 2760 1787 2882 title·¹
1941 2809 1944 2816 ·

152 2899 264 2958 retur.

206 2983 327 3066 Erant
349 3005 441 3062 cum
470 2979 619 3063 Achilla
644 2980 787 3090 copie,
822 3001 866 3064 ut
889 3005 1019 3090 neque
1037 3007 1226 3076 numero,
1253 3005 1384 3092 neque
1398 3005 1541 3096 genere
1554 2971 1915 3082 hominum,1s.rsra.;

152 3115 281 3203 neque
302 3092 371 3176 usu
387 3091 442 3172 rei
458 3090 930 3174 militariscontemnendrc
947 3091 1170 3178 viderentur
1186 3089 1304 3186 millia
1319 3093 1425 3178 enirn
1446 3120 1510 3177 20.
1528 3090 1569 3174 in
1589 3093 1704 3176 armis
1713 3091 1782 3174 lra-

151 3208 281 3290 bebat.
337 3202 415 3283 Hae
436 3203 662 3285 ronllabant
685 3203 709 3282 ὲ
732 3201 961 3285 Gabinianis
981 3203 1186 3296 militibus,
1221 3203 1291 3312 qui
1302 3204 1384 3311 jam
1400 3199 1784 3288 inconsuetudinem

156 3313 424 3404 Alexandrina
443 3313 531 3406 vitae
546 3337 666 3424 atque
680 3312 842 3395 licerrtiae
857 3335 1064 3408 venerant,
1095 3317 1133 3394 ἀ
1150 3335 1302 3412 nomen,
1315 3311 1785 3424 disoplinxmqnel’lto

152 3427 259 3624 ff
281 3423 552 3510 dedidicerant
558 3477 573 3523 ,
610 3421 827 3534 uxoresque
852 3425 1061 3520 duxerant,
1087 3421 1296 3546 exquibus
1313 3423 1489 3537 plerique
1505 3421 1785 3542 liberoshabe·
1852 3444 1856 3452 ·

231 3561 258 3620 t.
1301 3617 1305 3628 Ι
1775 3546 1780 3567 .

154 3699 159 3708 ·
205 3643 285 3733 His
311 3641 714 3730 accedebantcollcsli
733 3639 1045 3755 cxptaedorribus
1071 3641 1360 3762 latronibusque
1383 3643 1531 3756 Syria,
1557 3641 1786 3759 Ciliciaque
1794 3671 1912 3756 aab&

152 3760 371 3846 Pronnciae
386 3754 761 3864 finitimarrimquct
813 3757 959 3839 ionum.
1017 3755 1139 3844 Multi
1146 3761 1329 3869 preterea
1337 3755 1669 3868 capitisdantnati,
1694 3763 1789 3842 exui

151 3873 286 3984 larque
311 3891 578 3971 marcuerant
583 3897 594 3950 ι
621 3863 772 3978 firgiriv‘
792 3891 870 3974 que
886 3865 1068 3978 omnibus
1088 3865 1280 3952 Romanis
1299 3891 1427 3952 certus
1440 3891 1523 3955 etat
1541 3863 1790 3953 Alexandria

152 4008 355 4093 receptus,
380 3980 568 4092 certique
588 3975 888 4074 vitaecondirio,
915 3999 960 4062 ut
975 3976 1071 4064 dato
1087 3979 1270 4076 nomine,
1297 3973 1790 4067 militumeh'entnurncrot

153 4120 324 4206 quntum
348 4089 376 4172 li
405 4091 495 4200 quis
516 4093 540 4172 a
567 4086 744 4172 Domino
766 4087 1185 4200 comprehenderetur,
1212 4089 1399 4175 concursu
1416 4090 1582 4179 militum
1602 4089 1792 4202 eripieba,

156 4232 248 4300 tut,
279 4200 355 4316 ipst
379 4230 452 4311 pro
473 4198 542 4282 suo
568 4198 741 4309 periculo
761 4198 1035 4294 defendebant
1090 4197 1151 4284 Hi
1167 4201 1271 4283 bona
1286 4199 1526 4314 locupletum
1544 4199 1711 4312 diripere
1726 4197 1790 4285 sti'·
1918 4247 1926 4260 ·

151 4311 465 4427 pendiiaugendi
478 4309 610 4405 causa,
637 4310 761 4422 Regis
769 4307 1140 4404 domumobfidcre,
1167 4309 1314 4424 Regno
1332 4309 1525 4421 expellere
1539 4311 1662 4409 alios,
1690 4309 1790 4396 alios
1853 4349 1858 4358 ·
1886 4353 1888 4358 ·

151 4426 373 4519 accersere,
400 4446 531 4506 vetere
549 4419 727 4529 quodam
743 4419 998 4504 Alexandrini
1010 4421 1200 4506 exercitus
1218 4421 1393 4505 instituto
1407 4422 1697 4506 consueverant.
1770 4421 1778 4458 ’·

208 4539 332 4620 Erant
352 4557 535 4643 practerea
553 4532 731 4640 equitum
750 4531 869 4613 millia
882 4531 989 4628 duo,
1016 4531 1088 4642 qui
1106 4533 1411 4618 inveteraverant
1421 4531 1686 4646 compluribus
1694 4529 1787 4614 Ale·
1797 4550 1916 4634 teratu

149 4647 324 4733 xandtiae
352 4643 482 4738 bellis,
508 4643 551 4724 hi
564 4641 816 4724 Pmlemaenm
830 4669 982 4752 patrem
996 4643 1036 4726 in
1053 4643 1240 4755 Regnum
1254 4640 1507 4741 reduxerant,
1533 4642 1576 4725 hi
1593 4640 1722 4726 Bibuli
1738 4639 1784 4724 fi-

148 4758 225 4842 lios
243 4761 350 4841 duos
364 4753 659 4847 interfecerant,
684 4753 781 4837 bella
804 4780 895 4837 cum
910 4749 993 4866 AEg
1021 4755 1110 4865 ptiis
1125 4752 1335 4865 gesserant,
1363 4752 1472 4837 hunc
1490 4753 1598 4836 usum
1615 4753 1671 4837 tei
1686 4751 1786 4836 mili·

149 4871 242 4953 raris
269 4867 468 4958 habebant
496 4863 573 4946 His
597 4865 723 4973 copiis
745 4861 871 4949 fidens
893 4781 1086 4960 Achillas,
1113 4866 1428 4976 paucitatemque
1447 4863 1614 4948 militum
1624 4862 1788 4949 Caesaris

146 4979 370 5092 despiciens
401 4997 571 5083 occupat
597 4973 873 5080 Alexandriam
896 4969 1129 5089 ,praterea
1154 4978 1258 5060 urbis
1288 4998 1471 5087 partem,
1508 5001 1627 5086 quant
1657 4975 1787 5059 Caesat

146 5119 241 5173 cum
268 5087 456 5173 militibus
478 5087 655 5180 tenebar,
690 5086 821 5196 primo
845 5086 993 5200 impetu
1019 5085 1185 5170 domum
1208 5086 1293 5194 ejus
1309 5090 1522 5197 irrumpere
1536 5107 1700 5172 conatus
1714 5085 1784 5172 est.

145 5201 283 5286 Caesar
297 5197 490 5308 dispositis
508 5223 579 5306 per
597 5199 677 5279 vias
696 5195 926 5282 cohortibus
946 5199 1135 5308 impetum
1151 5197 1236 5307 ejus
1256 5194 1440 5284 sustinuit

201 5311 444 5420 Eodsmque
463 5329 641 5416 ternpore
662 5323 665 5332 ’
683 5331 870 5420 ugnatum
890 5310 945 5392 est
966 5309 1017 5391 ad
1035 5333 1215 5418 portum,
1241 5333 1286 5392 ac
1302 5308 1420 5422 longe
1443 5307 1650 5391 maximam
1663 5311 1906 5392 mensule.
2030 5399 2034 5408 ,

143 5423 278 5510 attulit
294 5417 609 5514 dimicationem,
668 5417 747 5500 mul
762 5417 869 5503 enim
882 5418 1051 5503 diduslis
1064 5419 1213 5531 copiis,
1241 5417 1415 5529 pluribus
1429 5419 1500 5504 viis
1516 5420 1761 5530 pugnabatur
1768 5469 1784 5513 ,

143 5543 185 5619 ec
203 5561 352 5648 magna
368 5527 615 5612 multitudine
631 5555 748 5611 naves
763 5528 900 5642 longas
914 5557 1108 5642 occupare
1125 5529 1303 5720 AEgpptii
1333 5530 1590 5614 conabantur:
1617 5553 1783 5640 quatum

143 5669 259 5730 etant
279 5641 429 5727 auxilio
453 5667 515 5742 50.
540 5637 658 5722 milsae
671 5637 722 5721 ad
743 5639 999 5754 Pompeium,
1027 5667 1116 5753 quae
1129 5665 1207 5754 ptae
1223 5641 1260 5722 ia
1282 5643 1322 5723 in
1340 5637 1536 5724 Thessalia
1559 5635 1685 5735 saslo,
1712 5629 1785 5722 do·

146 5781 263 5840 mum
287 5753 491 5838 redierant.
545 5750 627 5834 lllae
649 5751 822 5836 triremes
840 5769 998 5848 omnes,
1027 5759 1068 5835 δι
1090 5755 1394 5946 quinqueremes
1406 5755 1516 5835 erant
1532 5769 1631 5859 apta
1649 5745 1788 5832 instru-

146 5870 220 5951 slae
254 5892 307 5948 uc
332 5863 515 5948 omnibus·
529 5861 644 5944 rebus
654 5862 709 5942 ad
722 5864 996 5974 navigandum.
1051 5863 1192 5947 Pratet
1234 5887 1274 5948 as
1292 5888 1354 5966 2¹2.
1370 5883 1501 5957 etant,
1527 5855 1788 5970 quaepraelidii
1877 5955 1884 5967 .

148 5895 268 6060 caula
296 5971 536 6059 Alexandria
556 5971 634 6054 else
662 5971 956 6076 consueverant,
983 5971 1346 6068 constrataeomnes,
1370 5969 1505 6084 quassa
1518 5969 1789 6102 occ'upaffcotp
1843 6075 1846 6084 1

148 6087 271 6171 clalli:
289 6086 432 6172 Caesari
448 6107 607 6192 erepta,
629 6106 785 6189 portum
799 6112 844 6167 ac
861 6112 966 6170 mare
979 6108 1107 6174 totum
1118 6085 1160 6166 in
1176 6082 1243 6167 sua
1254 6079 1657 6196 potestatehabcrent,
1682 6105 1791 6170 com·
1820 6153 1822 6158 .

148 6221 290 6286 meatu
307 6193 740 6303 auxiliisque'Caelatem
756 6194 1017 6306 prohiberent.
1417 6217 1424 6226 '
1709 6271 1714 6283 .

207 6315 358 6422 ltaque
373 6327 482 6408 tanta
501 6303 556 6390 eil
571 6305 827 6393 contentione
845 6305 998 6407 aslum,
1027 6327 1173 6418 quauta
1190 6305 1253 6419 agi
1270 6305 1426 6405 debuit,
1455 6325 1579 6420 quum
1596 6298 1920 6504 capuanus

1691 6429 1797 6502 erent·
