4402 7066
427 437 502 514 ¹52
882 395 1625 487 PTOLEMAEUSXII.

227 546 399 622 ttotuau
429 527 548 624 lerem
576 539 686 622 inea
713 563 754 622 re
777 535 1002 632 vidloriam,
1042 535 1220 648 AEgyptii
1243 534 1398 618 salutem
1426 533 1530 616 suam
1547 529 1752 618 confislete
1768 531 1965 628 viderent,
1992 533 2059 619 scd

224 648 270 688 ³³·
292 643 357 698 ⁸⁷5·
418 677 507 732 rem
532 651 702 746 obtinuit
728 647 811 740 ille,
849 647 1063 758 omnesque
1085 677 1150 730 eas
1174 673 1292 728 naves
1309 653 1347 728 δι
1367 647 1533 754 reliquas
1547 669 1636 754 quae
1651 666 1762 728 erant
1776 643 1816 723 in
1837 644 2058 738 navalibus,

426 759 538 869 quod
554 788 634 844 tant
650 759 726 856 sate
747 755 844 842 tucri
861 781 941 841 tarn
961 787 1079 868 parva
1095 783 1300 840 manunon
1313 781 1485 866 poterat,
1511 751 1705 850 incendit,
1732 751 1890 838 flamma
1908 779 2057 863 partem

232 869 530 972 oum-sennis
561 879 600 954 δε
626 869 884 956 bibliohecam
907 867 948 949 in
971 896 1050 978 qua
1066 868 1348 979 quadringenta
1362 889 1471 949 erant
1492 865 1606 948 millia
1621 864 1805 948 librorum
1822 866 1972 949 invasit.

232 970 356 1086 isan
435 1080 440 1088 ¹
484 979 643 1064 Deinde
661 981 789 1064 Caesar
805 978 855 1061 ad
878 978 1046 1062 Pharum
1064 979 1226 1061 navibus
1241 975 1589 1082 nnlitesexposuit,
1616 1000 1735 1085 quam
1746 976 1976 1084 occupavit,
2002 997 2057 1059 at·

426 1119 506 1202 que
522 1092 575 1173 ibi
595 1085 812 1200 praefidium
830 1085 966 1200 posuit.
1022 1087 1183 1194 Quipus
1197 1090 1311 1172 rebus
1329 1086 1385 1169 est
1404 1087 1586 1170 effessum
1603 1086 1660 1170 uti
1678 1089 1766 1168 tuto
1792 1083 2058 1182 frumentum,

287 1253 290 1260 ·
424 1203 643 1312 auxiliique
670 1197 839 1284 navibus
861 1198 912 1282 ad
939 1215 1023 1281 eam
1039 1199 1255 1308 supportari
1270 1198 1445 1306 possent,
1473 1193 1615 1280 dimisit
1634 1195 1738 1278 enim
1755 1194 1898 1278 circum
1922 1224 2061 1281 omnes

421 1313 667 1424 propinquas
690 1310 900 1424 regiones,
927 1333 1047 1420 atque
1061 1309 1153 1392 inde
1168 1309 1305 1392 auxilia
1329 1308 1532 1404 evocavit,
1561 1306 1719 1418 reliquis
1734 1305 1872 1417 oppidi
1887 1308 2061 1418 partibus

420 1421 473 1512 ic
497 1422 552 1506 est
577 1445 821 1534 pugnaturn,
856 1441 901 1504 ut
929 1446 1045 1530 aequo
1068 1419 1204 1528 praelio
1220 1417 1499 1511 discederetur,
1528 1424 1567 1499 δι
1584 1418 1711 1501 neutri
1728 1417 1993 1526 pellerentur,
2021 1418 2062 1500 id

419 1529 643 1632 efficiebant
670 1531 853 1644 angustiae
875 1528 971 1625 loci,
999 1529 1210 1640 paucisque
1238 1527 1433 1638 utrimque
1447 1523 1658 1614 intersedis
1682 1580 1697 1623 ,
1724 1525 1853 1610 Caesar
1870 1525 1959 1610 loca
1980 1558 2059 1612 ma·

419 1645 527 1726 stirne
544 1639 754 1734 necessaria
774 1639 1022 1750 complexus,
1051 1643 1166 1724 nodie
1177 1641 1444 1748 praemunivit:
1471 1637 1549 1720 hoc
1566 1637 1687 1724 melu
1706 1635 1843 1748 oppidi
1860 1665 1950 1749 pars
1978 1664 2058 1726 mat

420 1731 560 1866 Regis
589 1754 747 1863 exigua,
786 1750 825 1832 in
853 1776 972 1860 quant
994 1751 1076 1860 ipse
1095 1749 1294 1835 habitandi
1309 1749 1420 1832 causa
1437 1749 1549 1831 initio
1564 1770 1645 1830 erat
1661 1747 1864 1842 induilus,
1895 1757 1933 1830 &
1953 1751 2059 1833 thea-

404 1885 526 1958 Attum
548 1863 800 1974 conjundlum
817 1859 974 1966 domui,
1003 1861 1115 1972 quod
1136 1861 1231 1944 arcis
1248 1861 1404 1943 tenebat
1419 1859 1573 1953 locum,
1601 1856 1803 1968 aditusque
1822 1859 1988 1946 habebat
2003 1861 2055 1944 ad

425 1997 610 2082 portum,
637 1979 676 2054 δι
693 1975 744 2080 ad
760 1971 906 2080 reliqua
921 1972 1077 2054 navalia
1136 1969 1222 2055 Has
1241 1971 1474 2082 munitiones
1483 1967 2055 2080 insequentibusauxitdiebus,

425 2109 471 2192 ut
487 2111 561 2192 pro
576 2109 688 2167 muro
705 2082 877 2192 objectas
893 2079 1051 2164 haberet
1067 2130 1081 2175 ,
1109 2107 1184 2164 neu
1199 2107 1372 2194 pugnare
1387 2079 1531 2184 invitus
1547 2102 1759 2188 cogeretur.

233 2197 363 2274 eset,
424 2293 429 2304 v
481 2193 765 2305 Continentenr
788 2217 949 2274 omnem
974 2214 1110 2275 terram
1131 2244 1145 2287 ,
1169 2193 1216 2276 iis
1229 2191 1322 2276 locis
1339 2189 1511 2302 demptis
1525 2213 1615 2303 quae
1628 2186 1758 2275 Caesar
1774 2187 2055 2276 munitionibus

232 2279 311 2412 {iffi
321 2275 418 2334 md·
430 2301 638 2399 clauserat,
667 2301 839 2386 Achillas
855 2301 1020 2386 tenebat.

232 2429 420 2520 Diels-4²·
485 2415 637 2499 Interea
652 2414 753 2497 misit
769 2412 897 2497 Cacsar
912 2413 1053 2495 circum
1074 2437 1212 2497 omnes
1223 2414 1467 2523 propinquas
1481 2409 1661 2524 regiones
1679 2464 1693 2506 ,
1718 2433 1838 2522 atque
1847 2411 1941 2494 inde
1951 2412 2057 2495 auxi-

233 2501 480 2657 ffififfifffita
494 2525 693 2622 euocauit,
725 2522 879 2608 Rhodo
893 2543 1013 2632 atque
1029 2549 1079 2608 ex
1109 2526 1216 2632 Syria
1234 2525 1454 2633 Ciliciique
1471 2548 1633 2604 omnem
1651 2521 1982 2618 classemarcessit,
2010 2549 2057 2606 ex

424 2638 568 2728 ¹Cretas
586 2633 823 2750 sagittarios,
849 2633 1003 2742 equites
1026 2636 1075 2716 ab
1099 2633 1212 2746 Rege
1222 2633 1504 2720 Nabataeorum
1521 2632 1835 2741 Malcoacccpit,
1862 2657 2058 2740 tormenta

426 2747 602 2858 undique
624 2745 825 2855 conquiri,
860 2743 1164 2828 &frumentum
1191 2747 1312 2842 mitti,
1340 2746 1559 2855 auxiliique
1585 2743 1727 2826 adduci
1739 2741 1856 2854 jussit.
1914 2737 2057 2827 Domi·

424 2850 521 2942 tium
550 2857 757 2941 Calvinum
784 2880 854 2965 per
875 2854 1018 2939 litteras
1041 2855 1093 2937 de
1109 2883 1265 2966 magno*
1281 2855 1353 2939 suo
1371 2855 1543 2968 periculo
1564 2854 1724 2938 edocuit
1748 2905 1760 2948 ,
1789 2853 2059 2967 flagitavitque

424 2971 475 3052 ab
493 2994 551 3051 eo·
562 2989 605 3052 ut
626 2969 745 3080 quim
762 2965 934 3078 primum
950 2963 1019 3048 fibi
1036 2963 1199 3049 subfidia
1215 2966 1403 3060 mitteret,
1432 2963 1670 3078 propitisque
1686 2965 1767 3074 ipse
1786 2964 2058 3049 Alexandriam

425 3105 496 3189 per
510 3075 659 3190 Syriam
673 3075 888 3162 accederet.
944 3074 1195 3162 Mithridates
1213 3078 1309 3160 verb
1331 3075 1590 3188 Pergamenus
1606 3101 1755 3184 magnac
1771 3074 2058 3162 nobilitatisdo·

427 3179 484 3298 nti
507 3187 750 3298 scientiaeque
772 3187 814 3298 iu
838 3185 940 3272 bello
966 3187 1204 3283 evinctis,
1232 3185 1324 3272 fidei
1338 3183 1615 3300 dignitatisque
1638 3187 1679 3268 in
1693 3185 1859 3270 amicitia
1874 3187 2057 3287 Caesaris,

426 3299 632 3410 inSyriam
655 3297 919 3410 Ciliciimque
934 3297 990 3381 est
1008 3295 1139 3380 missus
1152 3297 1205 3381 ad
1219 3297 1359 3382 auxilia
1374 3296 1604 3380 arcessenda.

428 3493 454 3520 -.
482 3409 593 3494 Dum
608 3410 692 3518 haec
708 3405 1325 3521 gerunturGanymedesquidam
1338 3406 1572 3502 Eunuchus,
1599 3405 2057 3520 Arsinoennegligentihs

426 3519 662 3608 custoditam
677 3511 809 3605 furtim
824 3518 877 3602 ad
885 3515 1105 3628 'AEgyptios
1119 3517 1308 3615 traduxit,
1334 3520 1460 3630 eique
1480 3516 1533 3600 illi
1551 3509 1703 3630 Regina
1718 3516 1953 3628 constituta,
1982 3523 1990 3540 ‘

427 3659 479 3718 eo
495 3630 632 3742 majori
642 3627 882 3739 studiobelits
897 3629 1176 3730 incubuerunt,
1202 3629 1315 3742 quod
1331 3629 1485 3714 Ducem
1500 3653 1550 3712 ex
1566 3625 1862 3712 Ptolemaeorum
1911 3549 2057 3744 rosipia

299 3733 308 3754 ⁶
425 3743 530 3850 uasti
542 3741 700 3828 essent·
728 3743 786 3852 Ea
801 3761 964 3868 propter
980 3736 1107 3824 Cacsar
1127 3740 1338 3850 Pothinum
1353 3740 1498 3825 veritus
1516 3761 1574 3823 ne
1585 3737 1835 3852 isquoqueP
1892 3767 2058 3830 emaeum

368 3929 370 3932 ,
424 3853 560 3964 furtim
574 3850 741 3960 auferret
756 3904 770 3949 ,
788 3849 1001 3962 interfecit.
1030 3849 1110 3932 Alii
1127 3849 1284 3937 aiteram
1299 3851 1435 3936 mortis
1453 3849 1603 3934 causam
1619 3849 1800 3936 afferunt
1826 3851 1968 3960 Quum
1979 3857 2056 3938 Po-

422 3961 559 4076 chinus
569 3965 608 4045 in
621 3983 731 4074 parte
741 3961 904 4046 Caesatris
917 3959 995 4045 esse
1003 3960 1296 4066 videretur,'ad
1306 3960 1495 4046 Achillam
1511 3959 1657 4044 nuncio
1666 3961 1858 4062 mitteret,
1884 3963 2053 4049 hortare·

426 4077 570 4186 uirque
582 4099 632 4156 ne
640 4072 801 4188 negotio
812 4069 1029 4167 desisteret,
1054 4077 1155 4156 nene
1169 4067 2055 4188 animodeficeret,indicatisdcprehenfisque

426 4183 695 4278 internuntiis,
722 4180 1147 4266 iCaesarenecatusest.

426 4375 433 4404 4
481 4292 608 4380 Casar
623 4293 746 4407 palam
763 4291 947 4402 deinceps
956 4285 1291 4408 Regemdiligenti
1306 4292 1480 4379 custodia
1496 4289 1709 4377 asservavit.
1745 4289 1845 4401 Quo
1861 4291 2056 4383 failoma·

428 4407 488 4519 gis
502 4405 622 4514 etiam
641 4402 871 4514 exasperatis
891 4401 1173 4516 AEgyptiorum
1188 4405 1325 4488 animis
1343 4429 1509 4518 ,quum
1525 4429 1662 4488 eorum
1681 4429 1866 4494 numerus
1890 4405 2054 4494 subinde
2128 4421 2133 4432 '

296 4611 304 4628 ⁸
425 4519 645 4612 cresceret,
674 4515 912 4608 munitiones
968 4513 1115 4598 uotidie
1137 4515 1403 4627 augebantur,
1433 4539 1553 4624 atque
1574 4539 1713 4597 omnes
1737 4511 1876 4624 oppidi
1905 4543 2055 4626 partes,

423 4655 513 4740 quac
532 4627 659 4710 minias
677 4623 794 4709 firmae
808 4624 885 4709 else
900 4542 1121 4708 viderentur
1127 4677 1141 4722 ,
1167 4624 1422 4710 testudinibus
1436 4648 1555 4736 atque
1577 4623 1755 4706 musculis
1776 4647 1981 4734 aptantur:
2006 4657 2056 4715 ex

427 4737 596 4823 aedificiis
611 4765 678 4848 per
698 4731 885 4818 foramina
900 4735 940 4817 in
961 4735 1137 4846 proxima
1152 4729 1314 4819 aedificia
1329 4735 1754 4830 arietesimrnittuntur,
1781 4739 2058 4849 quantumque

428 4875 497 4958 aut
513 4849 631 4932 ruinis
653 4844 862 4957 dejicitur,
888 4869 1033 4956 autper
1049 4845 1130 4930 vim
1139 4846 1321 4958 recipitur
1333 4845 1431 4945 loci,
1458 4845 1664 4932 inunthm
1679 4847 1916 4932 mutationes
1930 4851 2061 4963 profe·

429 4981 577 5042 runtur.

433 5172 436 5183 Ι
482 5066 668 5154 Studebat
685 5065 814 5152 Cesar
831 5065 1175 5179 maximeutquam
1186 5043 1639 5180 angudissimampartem
1655 5063 1794 5177 oppidi
1810 5053 1924 5178 palus
1942 5073 2058 5156 aime·

427 5173 525 5263 ridie
542 5177 740 5276 interieila
752 5175 973 5272 efficiebat,
1000 5178 1101 5263 hanc
1118 5180 1301 5292 operibus
1314 5178 1515 5288 vineisque
1535 5181 1718 5290 agendis,
1748 5177 1938 5288 &reliqua
1953 5209 2060 5296 parre

282 5327 317 5390 χ
342 5357 347 5388 ι
429 5291 534 5373 urbis
544 5287 794 5386 excluderet,
819 5287 914 5370 illud
933 5283 1111 5396 sperans,
1136 5291 1325 5402 primunt,
1352 5291 1637 5400 utquumesset
1653 5284 1805 5372 induas
1823 5295 2061 5397 partesurhs

386 5451 388 5456 ,
427 5401 580 5496 divisa,
605 5398 704 5482 acies
730 5425 812 5481 uno
828 5397 989 5480 consilio
1003 5422 1121 5508 atque
1143 5399 1692 5512 imperioadminislraretur,
1721 5399 1864 5484 deinde
1887 5401 2058 5490 utlaho·

426 5512 598 5624 rantibus
615 5507 798 5602 succurri,
826 5501 1006 5616 atque'ex
1022 5511 1138 5592 altera
1155 5511 1295 5621 oppidi
1314 5533 1422 5621 parte
1437 5509 1629 5593 auxilium
1641 5507 1888 5616 ferriposs'ets
1920 5513 2058 5626 impri-

425 5626 500 5708 mis
519 5624 612 5705 verd
639 5669 652 5714 ,
682 5643 726 5703 ut
748 5645 850 5730 aqua
864 5619 1090 5730 pabuloque
1106 5620 1346 5731 abundaret,
1371 5646 1538 5730 quatum
1551 5621 1705 5706 alterius
1729 5621 1962 5731 reicopiam
1977 5626 2060 5709 etti·

453 5759 563 5828 uam,
586 5728 745 5844 alterius
760 5729 901 5812 nullam
918 5729 1083 5816 omnind
1111 5727 1335 5818 facultatem
1357 5730 1555 5830 habebat,
1579 5729 1692 5845 quod
1711 5737 1924 5844 utrumque
1947 5737 2061 5848 palus

425 5763 530 5957 Erge
546 5842 721 5955 praeberc*
733 5862 897 5954 poterat.

238 5967 356 6030 utnse
483 5953 631 6065 Neque
647 5948 743 6036 vero
769 5950 1038 6035 Alexandrinis
1052 5951 1273 6065 ingerendis
1288 5951 1673 6064 negotiiscunslatio
1691 5947 1767 6034 ulla
1781 5975 1982 6042 autmora
2005 5957 2063 6042 in·

235 6049 374 6111 ΨΜ
429 6061 652 6156 serebatur:
676 6087 767 6146 natu
789 6059 832 6144 in
847 6087 984 6182 omnes
1000 6083 1158 6170 partes,
1185 6090 1255 6170 per
1271 6090 1366 6172 quas
1386 6061 1484 6148 fines
1498 6061 1688 6176 AEgypti,
1714 6065 2060 6178 regntimqueper·

429 6173 528 6259 tinet
545 6180 567 6269 ,'
586 6172 756 6284 Legatos
787 6221 800 6265 ,
826 6171 1186 6283 conquifitoresque
1207 6169 1380 6286 delestus
1403 6171 1575 6259 habendi
1600 6169 1712 6258 causi
1734 6171 1946 6276 misteranta
1974 6207 2059 6262 ma-

296 6367 306 6384 ,
423 6285 812 6412 numquenumctum
823 6282 1012 6379 telorum,
1036 6303 1158 6398 atquc
1166 6308 1447 6374 tormentorum
1455 6306 1716 6376 contexerant
1725 6285 2060 6394 ,sisinnumcrabi-

1979 6399 2061 6487 lem
