4402 7066
384 347 461 448 nn
824 332 1405 424 ruonnmnus
1460 334 1573 422 xrr.

197 480 465 562 moronufive
479 473 658 586 despella
678 469 764 580 ejus
779 466 958 566 fortuna,
986 471 1110 580 iisqui
1125 494 1235 555 erant
1250 472 1300 552 ab
1319 499 1370 554 eo
1385 469 1481 554 milli
1497 471 1621 583 palam
1640 473 1804 560 libenter
1815 471 2026 585 responde·

198 579 502 700 lffssssssginrunt,
535 588 709 694 eumque
730 581 779 664 ad
807 581 963 692 Regem
983 582 1115 666 venire
1130 581 1319 690 jufferunt
1343 620 1353 664 ι
1382 582 1452 690 ipfi
1467 586 1565 667 clam
1583 583 1789 670 consilium
1806 587 2024 679 iniverunt,

202 727 302 795 ramp.
384 725 553 810 quorum
576 695 888 805 discrepaverunt
903 691 1098 780 sententiae
1124 743 1138 788 ,
1174 692 1426 804 quatenus-hi
1449 695 1702 804 rejiciendum
1719 697 2022 780 aliivocandum
2159 774 2160 780 r

389 821 428 895 dr
448 805 711 916 recipiendum
728 801 952 888 sentiebant.
1181 817 1186 828 ·
1408 897 1417 908 „
2019 857 2024 870 ,
2159 801 2160 882 q

205 936 319 1004 lustru
446 926 501 1006 At
528 915 765 1002 Theodotus
781 910 1007 996 facundiam
1029 917 1069 995 δι
1089 912 1334 998 declamandi
1351 914 1548 1000 ostentans
1566 913 1810 1012 facultatem,
1840 939 2023 1016 neutrum
2159 917 2160 934 ¹

388 1032 465 1117 cll‘e
488 1029 657 1114 ostendit
681 1023 954 1134 explicatum,
979 1024 1045 1108 sed
1073 1021 1102 1106 sr
1126 1023 1353 1135 recepillcnt
1376 1051 1496 1122 eum,
1523 1026 1678 1110 hostem
1704 1027 1897 1112 Casarem
1916 1028 2027 1136 ipson
2159 1027 2160 1030 ‘

287 1215 311 1256 „‚
387 1144 589 1228 habituros
606 1145 646 1220 &
661 1135 894 1245 Pompeium
904 1135 1123 1219 Dominum
1132 1133 1270 1218 smabe
1297 1136 1430 1232 illem,
1455 1136 2023 1250 inculpafuturosapudPom·

275 1321 280 1332 .
316 1321 320 1328 .
359 1329 364 1344 ,
389 1255 545 1366 poium,
579 1247 693 1360 quod
716 1245 844 1357 ipsum
871 1246 1099 1355 repulerint:
1132 1245 1240 1370 apud
1263 1165 1455 1330 gasatein
1480 1247 1599 1358 quod
1622 1275 1704 1332 non
1728 1247 1802 1334 smt
1821 1249 2020 1360 persecuti.

389 1363 718 1473 Optimumcrgo
742 1355 888 1440 fastum
903 1355 1002 1450 elle,
1028 1377 1258 1440 utaccrtum
1273 1355 1516 1442 interficiant.
1569 1359 1792 1470 Siquidem
1811 1369 1851 1442 δι
1871 1361 1926 1443 illi
1940 1387 2019 1444 rem

392 1497 540 1586 gratam
557 1471 749 1665 igduroe,
774 1494 906 1579 neque
927 1467 1032 1552 hunc
1048 1466 1355 1566 formidaturos,
1382 1467 1808 1582 adjecitqueartidens,
1834 1487 2022 1552 mortuum

263 1625 266 1630 ·
394 1610 562 1670 arnmot
589 1608 659 1664 err.
1476 1629 1483 1641 ·
1574 1617 1577 1624 ·

214 1721 331 1786 renutu.
413 1755 420 1764 -
450 1694 661 1803 Pollquam
694 1688 734 1772 in
764 1685 1090 1774 eamsent‘entiani
1115 1689 1215 1772 itum
1237 1689 1317 1785 est,
1351 1713 1433 1772 rem
1451 1691 1721 1802 exequendam
1744 1690 2024 1802 delegaverunt
2160 1690 2161 1732 ³

398 1805 569 1892 Achilla.
623 1800 704 1884 Hic
729 1799 957 1907 Septimium
971 1800 1204 1910 quemdam,
1240 1801 1309 1912 qui
1332 1799 1510 1884 ordinem
1540 1803 1741 1913 quondam
1768 1801 1932 1885 duxerat
1959 1802 2026 1883 sub

401 1915 594 2024 Pompeio
617 1965 631 2008 ,
666 1909 915 2022 Salvitimque
938 1912 1099 1994 alterurn
1125 1910 1407 1994 Cenmrionem
1433 1964 1448 2007 ,
1482 1936 1665 2020 praterea
1687 1931 1764 1995 tres
1780 1913 1840 1996 vel
1857 1935 2023 2023 quatuor

215 2055 273 2113 nro
291 2049 365 2123 l.42·
400 2029 592 2134 ministros
609 2018 815 2130 allumpsrt.
871 2022 906 2103 li
924 2023 1018 2106 vero
1043 2074 1057 2117 ,
1091 2048 1174 2132 quo
1188 2020 1420 2132 Pompeium
1436 2019 1646 2132 deceptum
1665 2024 1808 2106 minori
1826 2023 1962 2106 labore
1971 2023 2033 2104 in-·

398 2139 637 2230 terhcerent,
663 2133 826 2216 libenter
839 2131 880 2215 se
894 2158 985 2216 eum
999 2133 1170 2242 recipere
1186 2131 1387 2226 dixerunt,
1413 2131 1662 2243 legatosque
1681 2135 1802 2240 ejus,
1832 2135 2034 2218 bonoani-·

257 2267 275 2282 ·’
364 2262 367 2270 ’
399 2281 467 2334 mo
487 2272 530 2333 ut
547 2247 694 2339 ellent,
709 2243 881 2328 monitos
897 2242 1165 2327 deduxerunt=
1195 2264 1314 2354 atque
1332 2244 1385 2326 ita
1400 2242 1537 2329 lembis
1551 2246 1701 2357 exiguis
1715 2241 1954 2339 conscensu,
1980 2244 2033 2328 ad

402 2360 636 2470 Pompeium
653 2355 827 2463 provecti
845 2353 953 2437 sunt.-
1086 2396 1097 2422 -·
1609 2439 1611 2446 Α
1825 2351 1827 2356 ’

201 2478 398 2578 ,υν·,6τ1”1·
461 2471 622 2558 lnterim
646 2464 840 2549 exercitus
852 2487 1040 2574 tanquam
1058 2465 1099 2549 in
1114 2460 1278 2573 hospitia
1292 2462 1509 2561 honorem,
1535 2461 1750 2548 secundum
1766 2458 1897 2559 littus,
1925 2477 2033 2548 totus‘

218 2563 369 2700 {lss·tst*,‘1·²·
407 2581 611 2667 instruitur
626 2579 665 2660 in
688 2575 844 2672 aciem,
869 2574 1084 2659 Prolemaeo
1102 2573 1146 2656 in
1160 2571 1298 2656 mediis
1312 2573 1507 2670 versante,
1534 2571 1747 2684 conspicuo
1761 2575 1868 2658 velle
1884 2597 2032 2686 purpu·
2073 2665 2075 2668 ,
2161 2606 2162 2664 ;

405 2807 543 2890 derant
569 2799 620 2883 ad
645 2825 767 2893 eum,
787 2817 833 2879 ut
853 2795 951 2906 quid
974 2821 1171 2908 ageretur,
1198 2791 1473 2910 conspicerent.
1532 2799 1593 2880 Ut
1608 2797 1740 2910 ridere
1755 2821 1837 2879 non
1855 2793 2028 2906 Regium

405 2943 479 2999 nec
503 2907 767 3023 splendidum,
804 2933 879 2990 nec
901 2905 1168 3016 Theophanis
1187 2931 1466 3016 congruentem
1495 2906 1578 3018 spei
1601 2929 1825 3018 receptum,
1852 2905 1921 2989 sed
1944 2910 2031 2992 navi

406 3053 485 3111 una
510 3019 732 3135 piscatoria,
760 3042 907 3128 paucou
928 3017 1109 3123 homines
1123 3017 1278 3111 venire,
1301 3042 1385 3100 non
1402 3019 1556 3128 Regem
1573 3019 1758 3114 obvium,
1784 3041 1868 3100 non
1885 3045 2033 3129 purpu-

404 3159 575 3220 ratorum
600 3133 795 3242 aliquem,
820 3125 1040 3238 suspectum
1058 3153 1149 3211 eum
1164 3149 1434 3238 contemptum
1449 3128 1689 3241 habuerunt,
1715 3129 2037 3240 monueruntque·

405 3246 665 3354 Pompeium,
701 3239 802 3324 dum
825 3237 1117 3324 extratelortun
1131 3237 1282 3350 jatrum
1297 3237 1440 3338 edent,
1465 3236 1671 3332 retrorsum
1689 3239 1788 3324 utin
1804 3235 1929 3322 salum
1944 3265 2030 3351 age·

283 3405 288 3416 ’
410 3381 470 3444 ret
485 3376 637 3442 llam·
766 3418 770 3426 -
1411 3419 1415 3427 -

464 3469 617 3552 Interea
638 3462 979 3574 appropinquante
998 3459 1196 3558 navicula,
1224 3458 1335 3571 prior
1359 3458 1557 3546 allurrexit
1568 3458 1814 3572 Septimius,
1848 3487 1895 3544 ac
1917 3461 2033 3546 latine

410 3575 934 3692 Pompoimnlmperatorem
949 3569 1512 3684 appellavimhchillatvotbia
1527 3568 1920 3671 Graechlalutodata,
1945 3573 2033 3657 hor·

409 3715 512 3779 tatus
540 3688 596 3774 est
618 3713 732 3782 eum,
765 3705 810 3768 ut
831 3684 872 3768 in
901 3682 1117 3768 naviculam
1145 3681 1251 3765 suam
1269 3680 1466 3779 transiret,
1492 3681 1680 3767 vadosum
1694 3681 1911 3794 praedicans
1931 3709 2031 3768 mare

407 3803 511 3927 ell'c,
532 3815 606 3883 neo
618 3793 975 3920 'turornie'patiene,
1002 3793 1115 3906 quud
1123 3792 1253 3920 brevia
1261 3792 1622 3910 sabulpsahaberet,
1641 3791 2033 3921 stmulnaveaaliquot

405 3903 2040 4141 trttnfflrnrrta‘rnntlaaumtrtttnterrm

408 4133 582 4218 dentiam
598 4129 718 4242 ipsam
733 4127 927 4237 prabrturr
941 4123 1065 4211 edent
1083 4125 1232 4234 injurrae
1246 4125 1434 4210 colorem.
1488 4129 1494 4142 ’
1669 4171 1675 4184 ·

223 4262 339 4326 rainu.
463 4242 745 4350 Salummergo
760 4235 964 4333 Cornelia,
991 4263 1080 4348 quae
1096 4234 1242 4322 exitum
1256 4235 1341 4344 ejus
1348 4235 1530 4348 jamantd
1544 4235 1793 4348 deplorabat,
1819 4233 2035 4322 duoaGen·

309 4399 314 4412 ·
410 4354 604 4450 turiones,
638 4379 686 4437 ex
710 4350 854 4432 libertis
869 4373 990 4432 unum
1007 4347 1135 4457 Philip
1163 4372 1256 4441 um,
1283 4352 1324 4430 dt
1341 4350 1493 4432 servum
1512 4347 1677 4457 Scynem
1693 4348 1879 4445 nomine,
1904 4344 2035 4458 praese

412 4467 453 4550 in
471 4461 686 4548 traviculam
699 4457 804 4571 jussu
819 4455 1065 4544 descendere.
1151 4456 1344 4568 otrigente
1364 4455 1540 4544 dextram
1556 4459 1595 4542 ei
1612 4483 1660 4542 ex
1679 4459 1856 4542 navicula
1867 4455 2033 4554 Achilla,

410 4575 461 4661 ad
479 4599 643 4662 uxorem
661 4580 701 4657 dc
722 4569 842 4654 filium
860 4567 1066 4656 conversus
1081 4567 1290 4678 Sophoclis
1308 4568 1478 4654 lambica
1496 4569 1773 4682 pronuntiavit.¹

687 4787 880 4902 misus
895 4789 1044 4875 domum
1059 4788 1203 4874 eruam
1222 4783 1618 4901 rrrannrmeffern,
1747 4755 1750 4762 ’

688 4901 790 4986 Fur·
829 4907 880 4987 'trs
888 4901 1058 5034 seruus,
1082 4898 1176 4987 licit
1191 4900 1285 4986 liber
1299 4907 1461 4986 venerit.
1540 4935 1542 4946 ’

174 5137 182 5184 2'
225 5165 344 5227 rann,
471 5125 548 5213 His
560 5123 802 5236 postremum
816 5148 941 5236 quum
955 5122 1045 5208 suoi
1058 5121 1154 5209 ess'et
1168 5123 1329 5219 affatus,
1356 5119 1540 5235 ingrell'us
1553 5120 1630 5204 est.
1739 5115 1746 5132 ’

225 5243 227 5250 ’
470 5235 916 5346 Satisamplointervallo
934 5234 1034 5320 inter
1048 5257 1186 5318 terram
1205 5240 1245 5317 &
1262 5235 1479 5329 triremem,
1518 5232 1586 5317 ubi
1599 5251 1718 5315 nemo
1736 5253 1897 5323 eorum,
1921 5223 2053 5340 quiin»

420 5349 595 5434 uaricula
604 5367 735 5443 mant,
748 5341 1428 5457 hilariterestl'onipeiumallocutua.
1447 5341 1673 5428 lntuitusSe
1718 5340 1867 5424 inuium.
1887 5335 2036 5450 Ecquid

413 5485 477 5558 te,
504 5459 631 5572 inquit
642 5508 656 5554 ,
672 5455 1274 5571 egocommilitonemquondam
1283 5454 1600 5566 meumagnosco.
1655 5452 1726 5536 lle
1740 5453 1894 5538 tantiam
1913 5451 2036 5564 capite

414 5567 900 5666 annuimnonellaffatm,
916 5563 1638 5680 nocbenignitatemeiollenditullam.
1665 5562 1804 5674 Quum
1813 5563 2055 5671 itemmjam·

319 5725 325 5740 κ
416 5681 641 5770 inmobiles·
651 5679 825 5778 tiletum,
852 5702 989 5766 torrem
1007 5677 1220 5790 Pompeius
1234 5679 1275 5762 in
1290 5671 2055 5791 parvolibellooonscriptamabseGrrc·¹

418 5815 503 5882 cam
516 5794 757 5894 orationum,
784 5815 863 5902 qua
879 5791 937 5876 uti
952 5788 1057 5916 apud
1072 5789 1301 5900 Pompeium
1319 5789 1498 5874 ssatuetm
1516 5829 1535 5886 s
1559 5810 1646 5872 eam
1663 5785 1932 5911 coepitlegere.

472 5906 562 5992 Poll
594 5931 682 6018 uam
697 5925 807 5988 terrae
820 5924 1257 6038 appropinquaverunt,
1282 5902 1470 5985 Cornelia
1484 5925 1576 5983 cum
1595 5897 1729 5982 amicis
1746 5923 1794 5980 ex
1813 5922 1904 5980 navt
1930 5895 2041 5980 anxia

417 5935 680 6130 spemlaiatur
695 6034 902 6110 eventum,
927 6035 1132 6124 coeprtque
1146 6005 1339 6098 sustollere
1357 6013 1531 6106 animos,
1557 6005 1669 6120 quod
1684 6005 1737 6094 ad
1749 6005 2040 6092 descendonem

416 6129 564 6216 multoe
577 6153 626 6208 err
642 6127 781 6242 Regiis
792 6144 966 6212 cerneret
978 6125 1141 6208 honorio
1158 6122 1423 6235 &recipiendi
1431 6122 1515 6234 ejus
1523 6119 1948 6233 gratiaconcnrrentesr
1976 6113 2040 6200 sed

417 6241 514 6329 dum
538 6238 762 6350 Philippum
789 6243 907 6356 mauu
929 6233 1187 6356 apprehendit
1211 6233 1428 6355 lompeiua
1446 6227 1952 6353 utcornmodilrtsurgeret,
1975 6227 2037 6350 Se»

501 6411 515 6426 .
1222 6401 1236 6416 ..
1885 6359 2039 6454 palmus

222 2725 322 2795 Pomp·
408 2722 483 2781 rea.
538 2687 659 2774 Forte
677 2712 816 2772 onmes
830 2685 962 2796 primo
979 2713 1041 2769 res
1054 2704 1191 2770 eorum
1200 2683 1821 2796 quiPompeiumcomitabantur,
1848 2685 2032 2770 conscen-
2161 2717 2162 2764 ;
