4522 7070
423 329 450 413 8
896 314 1569 406 PTOLEMAEUSl.

229 455 635 558 „monul’tolemaeo
649 458 688 540 bt
703 445 916 568 Babylonia
930 455 1091 542 Seleuco
1108 456 1321 544 trademtur
1338 487 1348 540 z
1376 453 1576 540 thesauros
1602 467 1733 538 autem
1753 479 1857 566 quos
1876 456 1899 544 i
1923 471 2057 577 pugna·
2164 521 2167 530 .

233 593 280 634 ⁸¹¹·
299 575 327 632 ⁸·
422 595 516 654 cuna
533 570 709 652 Eumene
731 565 803 652 srbi
817 565 1078 665 vendicasset,
1106 570 1308 680 partiretur
1326 597 1335 650 :
1360 565 1523 676 quodsi
1541 564 1638 649 nihil
1654 564 1796 650 horum
1812 565 1984 669 laceret,
2020 579 2059 662 se

324 701 328 712 ’
424 680 642 790 conjuusliu
660 678 803 763 vitibus
818 677 962 770 bellum
978 675 1245 790 ipfifasluros.
1299 680 1409 762 cum
1425 679 1519 762 verb
1539 673 1707 784 asperilra
1723 676 1786 762 ille
1800 677 2056 790 respondens,

425 789 616 985 leffium
635 787 883 984 Pteogemaeani
897 791 1046 903 negotii
1058 813 1246 901 apparatu
1259 789 1337 875 elle
1350 787 1518 892 diceret,
1544 785 1689 870 fanum
1710 788 1788 884 est,
1815 813 1859 874 ut
1874 791 1995 910 legati
2009 820 2052 886 re

426 928 470 986 an
582 945 583 950 ι
657 929 673 982 ι
725 921 890 985 crentur.
1027 930 1033 940 ·
1533 956 1541 971 ·

235 1014 360 1098 arnan·
482 927 858 1107 Tumrl'gtolemaeua,
876 1008 909 1092 L
937 1007 1125 1094 simachus
1143 1015 1184 1092 bt
1200 1008 1412 1095 Caffander
1430 1009 1651 1095 societatem
1676 1035 1875 1098 armorum
1893 1017 2055 1098 connass'

425 1122 541 1218 bere,
564 1119 811 1233 armisque&
828 1119 931 1215 telis,
957 1146 1128 1206 necnon
1146 1120 1229 1204 aliis
1243 1118 1426 1230 quaeusui
1443 1120 1571 1205 forent
1584 1121 1817 1206 incumbere.
1872 1123 1921 1206 ln
1933 1121 2057 1214 Pboe-

426 1233 566 1318 niciam
580 1233 705 1317 movit
724 1231 968 1343 Antigonus,
994 1231 1128 1340 copias
1143 1232 1296 1314 navales
1310 1231 1538 1315 contrahere
1550 1257 1768 1341 properam
1786 1283 1800 1327 ,
1829 1235 1921 1317 clim
1940 1233 2059 1320 Phoe·

427 1343 537 1428 niciae
552 1341 701 1427 classem
716 1340 948 1425 Ptolemaeus
962 1342 1121 1425 haberet
1137 1342 1176 1424 in
1195 1341 1404 1452 AEgypto,
1427 1343 1540 1452 juxta
1565 1342 1802 1425 marecastra
1825 1341 1976 1453 posuit,
2003 1348 2060 1432 ad*

429 1455 612 1564 Tyrum,
637 1479 726 1563 quae
743 1451 935 1535 vSeleucus
957 1453 1211 1561 contemptim
1227 1453 1502 1563 praeterveclus
1522 1451 1578 1534 est
1600 1479 1688 1534 cum
1712 1453 1876 1536 navibus
1894 1481 2055 1542 centum

429 1565 603 1678 regaliter
621 1562 812 1648 instmdlis
826 1575 879 1644 ex'
891 1561 1072 1675 AEgypto
1087 1565 1247 1645 veniens
1262 1563 1304 1644 in
1321 1561 1478 1645 lonium
1493 1581 1596 1644 mare
1615 1562 1812 1672 navigans.

484 1673 704 1762 Alexander
716 1671 1052 1782 Polyspetchontis
1073 1671 1172 1754 lilius
1187 1672 1333 1756 interea
1347 1671 1397 1754 ad
1420 1671 1665 1779 Antigonum
1681 1674 1813 1768 venit,
1843 1699 1940 1758 nam
1961 1703 2054 1764 cum

427 1811 480 1869 eo
494 1783 712 1869 societatem
730 1807 863 1866 contra
879 1781 1194 1867 Ptolemaeum&
1212 1783 1309 1867 alios
1323 1783 1485 1866 inierant
1497 1805 1607 1892 pater
1624 1791 1664 1866 br
1681 1781 1802 1877 filiun,
1830 1787 2055 1900 Antigonus

428 1895 615 1980 advocata
635 1893 1025 1990 rnilitumconcione,
1057 1893 1216 1978 Graecoa
1229 1891 1405 1979 omnesri
1423 1890 1604 2003 presidiis
1630 1891 1833 1980 Cassandri
1854 1896 2051 1984 immunes

425 2007 496 2091 suo
507 2007 583 2113 juri
598 2006 793 2090 restituere
811 2003 849 2085 se
863 2004 961 2088 velle
976 2002 1196 2090 declaravit.
1698 2091 1702 2100 ,
1939 2085 1941 2090 .

477 2116 731 2211 Ptolemaeus,
755 2113 899 2200 au'ditia
921 2141 1009 2224 quae
1027 2113 1269 2198 Macedones
1281 2139 1377 2196 cum
1403 2112 1610 2228 Antigono
1630 2111 1681 2198 de
1704 2110 1878 2202 libertate
1896 2119 2052 2208 Graecin

423 2225 623 2310 reddenda
633 2223 885 2309 decrevissent
899 2277 913 2320 ,
931 2223 1111 2334 ejusdem
1127 2226 1322 2310 sententia
1334 2226 1536 2309 decretum
1553 2225 1668 2309 otiam
1682 2224 1763 2333 ipse
1779 2227 1923 2339 sctipfir
1937 2259 1954 2334 r,
1973 2261 2049 2318 no·

421 2358 505 2421 tum
521 2336 601 2420 hoc
615 2335 697 2420 lieri
711 2334 893 2446 cupiens,
921 2331 960 2420 se
973 2362 1053 2422 non
1070 2335 1198 2419 minlrs
1221 2336 1317 2418 Anti
1345 2361 1428 2418 ono
1452 2334 1636 2420 libertatis
1658 2335 1886 2422 Graecorum
1911 2367 2047 2430 curam

419 2473 574 2557 gerere,
594 2447 792 2530 suisetiam
805 2445 1311 2555 partibusadjunxirCallau
1360 2471 1447 2538 um,
1464 2445 1590 2530 Catiae
1602 2444 1820 2555 satrapam,
1836 2449 2047 2561 virumpo-

419 2578 565 2641 tentem
581 2565 621 2641 br
634 2556 706 2668 qui
721 2582 801 2638 non
813 2582 959 2667 paucas
977 2555 1045 2638 sub
1062 2555 1227 2666 imperio
1243 2557 1355 2640 urbes
1366 2555 1543 2650 tenebat,
1568 2560 1609 2637 δι
1623 2555 1711 2638 licet
1730 2553 1809 2660 jam
1825 2582 1939 2645 antea
1960 2564 2045 2648 lle.

416 2669 532 2780 gibus
542 2694 646 2778 quos
660 2663 930 2750 insacietatem
938 2665 1057 2748 etiarn
1067 2665 1407 2778 pertmxerat,tria
1419 2665 1585 2776 ¹militum
1594 2663 1710 2748 millia
1723 2664 1897 2765 misisset,
1909 2693 2043 2760 tamen

414 2805 521 2866 nunc
543 2777 672 2861 adhuc
695 2775 832 2859 decem
856 2775 930 2858 alia
955 2776 1120 2878 ,militum
1141 2775 1257 2858 millia
1270 2801 1361 2858 cum
1390 2775 1632 2859 Mitmidone
1657 2773 1885 2861 Atheniensi
1908 2791 1952 2866 bc
1969 2784 2044 2868 Po-

413 2888 586 3000 lyclitum
603 2904 693 2972 cum
711 2886 873 2970 navibus
890 2909 1050 2972 centum
1067 2886 1212 2972 eodem
1228 2884 1350 2983 misit,
1377 2883 1492 2970 fratre
1508 2883 1695 2972 Menelao
1708 2889 1884 2972 omnium
1910 2879 2044 3006 inape.

412 3019 540 3087 ratore
555 2998 778 3082 constituto.
873 3058 875 3062 -
2037 3071 2041 3092 ,

464 3105 533 3192 Pol
561 3109 671 3190 clitus
696 3109 720 3193 ὲ
744 3106 884 3218 Cypro
907 3105 1163 3191 transmittens
1188 3103 1426 3190 Corinthum
1453 3105 1631 3218 appulit,
1666 3105 1735 3190 ubi
1755 3135 1846 3194 cum
1871 3112 2039 3201 Alexan·

406 3219 520 3304 drum
533 3137 871 3342 l'olysperchontia
891 3215 1176 3340 filiumoabAnti
1201 3214 2037 3342 onoadCaslandrum·descivissedidicit,in

405 3327 673 3442 Pamphyliam
689 3327 773 3410 vela
793 3325 885 3412 facit
902 3379 916 3422 ,
954 3327 1024 3410 ubi
1037 3326 1105 3408 Th
1186 3347 1297 3408 otum
1310 3327 1502 3437 Anrtgom
1519 3325 1773 3432 Navatchum
1789 3336 1828 3411 δι
1845 3331 2038 3422 Perilaurn

404 3431 496 3526 cum
513 3439 667 3550 agmine
680 3435 843 3522 terrestri
859 3434 1010 3520 classem
1024 3435 1063 3518 in
1080 3435 1208 3519 littore
1224 3435 1473 3520 comitantem
1484 3435 1676 3548 aggreslus
1686 3439 1766 3532 est,
1782 3436 1954 3529 Perdaus
1967 3475 2036 3532 au·
2153 3541 2155 3545 ι

404 3574 487 3634 tem
505 3551 654 3662 capitur
664 3553 703 3630 nr
718 3545 954 3630 ‘lbeodotus
969 3545 1192 3672 vulneribus
1208 3543 1432 3640 confectus,
1452 3547 1545 3672 ppst
1555 3572 1706 3671 ,paucos
1719 3545 1802 3632 dies
1817 3553 1936 3650 obiit,
1952 3555 2035 3666 ipse

403 3681 500 3854 tl:
510 3653 1488 3890 &Abnsllslttslniltgzlns
1532 3661 2034 3879 §illailllblliltlb

401 3879 558 3993 insignis
573 3879 769 3964 austorem
786 3875 904 3988 longe
912 3877 1077 3988 amplius
1092 3898 1278 3986 provexit

210 3979 345 4116 32³3&
457 3992 686 4102 Antigonus.
701 3986 832 4070 audita
854 3989 1010 4070 suorum
1038 3985 1169 4082 clade,
1195 3985 1601 4072 contraCallandrum
1621 3987 1862 4105 CatiaeSatra
1892 4023 2031 4086 arnar-

209 4150 257 4192 ιη.
273 4095 316 4194 ἱ..
345 4095 354 4117 ’
402 4127 467 4186 ma
484 4115 630 4184 vortere
645 4096 835 4191 decrevit,
863 4101 904 4180 δι
919 4098 1107 4181 exercitus
1119 4093 1173 4180 sui
1189 4097 1328 4180 ducem
1345 4099 1521 4206 nominat
1530 4098 1801 4196 Ptolemaeum,
1818 4021 2030 4219 midique

400 4212 500 4325 Tyri
511 4207 720 4295 obsidione
737 4209 940 4290 Demetrio
952 4206 1054 4309 filio,
1082 4206 1123 4287 in
1138 4201 1315 4291 Ciliciam
1327 4208 1473 4303 tendit,
1500 4207 2030 4318 superatoqueTauromon·

401 4342 475 4516 Le,
522 4318 575 4406 ad
591 4319 791 4440 ,Qelenae
826 4318 1008 4431 Phrygiae
1042 4316 1260 4431 progressus
1284 4369 1303 4414 ,
1354 4318 1396 4404 in
1433 4318 1606 4429 hyberna
1640 4323 1852 4408 exercitum
1898 4327 2025 4416 distri.-

431 4452 496 4515 urt.
1786 4511 1788 4516 .
1820 4509 1825 4518 .
2021 4509 2035 4540 „

205 4546 252 4606 li·
265 4545 333 4607 utu.
419 4643 422 4650 ,
455 4537 668 4626 Cassander
680 4539 788 4627 Vere
800 4564 849 4621 ex
873 4537 1109 4623 Macedonia
1129 4537 1268 4646 copias
1288 4537 1330 4621 in
1353 4537 1509 4626 Cariam
1530 4537 1660 4638 misit,
1695 4562 1778 4626 tum
1801 4569 1846 4637 ut
1868 4537 2027 4636 urbibus

397 4651 659 4740 Ptolemaeo&
678 4651 842 4735 Seleuco
862 4650 916 4732 ibi
929 4646 1206 4735 confoederatio
1224 4678 1251 4730 ο
1281 4675 1344 4732 em
1363 4646 1499 4744 ferret,
1528 4674 1612 4735 tum
1629 4673 1672 4734 ut
1688 4655 1839 4737 mature
1857 4662 2024 4772 Antigo-

399 4789 497 4849 num
520 4760 748 4844 dillrahetet
769 4788 820 4844 ne
844 4761 971 4843 otium
996 4759 1234 4871 transmitten
1265 4758 1339 4841 iin
1363 4759 1561 4871 Europam
1584 4759 1774 4854 haberet,
1802 4769 2027 4881 Antigonus

396 4871 526 4957 subito
546 4871 786 4981 Cariampet
804 4892 942 4955 terram
958 4877 999 4953 &
1015 4881 1121 4957 mare
1141 4867 1296 4954 adortus
1306 4869 1393 4964 est,
1426 4877 1467 4954 &
1489 4870 1701 4954 Callander
1724 4869 1822 4958 illius
1843 4878 2023 4990 Satrapes

400 4983 505 5069 mole
522 4980 608 5066 belli
624 5003 832 5093 gravatus,
852 5005 948 5063 eum
968 4981 1170 5106 Antigono
1179 4980 1258 5063 nac
1266 4978 1692 5092 conditionetransegit
1715 5006 1760 5066 ut
1782 4985 1921 5071 militen
1939 5019 2027 5076 om·

221 5195 224 5202 ,
399 5121 471 5178 nes
486 5093 687 5202 Antigono
708 5093 873 5174 traderet
889 5098 929 5172 &
944 5089 1091 5174 Gracco
1105 5089 1262 5176 urbibus
1277 5089 1376 5196 juris
1386 5086 1447 5171 sui
1461 5088 1675 5175 libertatem
1683 5093 1951 5195 concederet,
1976 5131 2023 5186 ac
2193 5107 2194 5126 *

399 5205 610 5313 Satrapiam
635 5227 754 5312 quam
774 5202 880 5310 prilrs
901 5199 1086 5282 habuerat
1111 5221 1295 5307 tanquam
1318 5199 1471 5282 donum
1496 5201 1703 5294 retineret,
1733 5202 1805 5284 sed
1826 5207 1913 5313 post
1937 5210 2035 5296 dies.

335 5313 343 5338 '
399 5335 481 5397 non
502 5313 669 5406 multos,
703 5337 792 5394 cunr
815 5311 1013 5420 pastorum
1036 5309 1143 5394 illum
1166 5308 1399 5417 poeniteret,
1426 5307 1620 5420 legatione
1640 5309 1690 5392 ad
1707 5309 1956 5400 Ptolemaeum
1981 5329 2023 5404 dc

397 5423 603 5507 Seleucum
615 5421 745 5517 milla,
760 5444 807 5504 ut
822 5420 1108 5530 quamprimum
1124 5419 1195 5504 nbi
1210 5417 1347 5502 auxilia
1361 5415 1525 5517 ferrent,
1537 5421 1758 5518 contendit,
1778 5422 1871 5509 inde
1880 5427 2021 5515 bellum

391 5535 522 5618 Cariae
539 5533 839 5642 redintegratum
854 5531 920 5614 est.
2003 5618 2013 5642 Ι,
2192 5609 2193 5636 ³

200 5631 323 5692 ”¹⁰d0‘·
452 5648 602 5726 luterea
617 5643 746 5751 Tyrus
760 5668 830 5750 per
853 5666 997 5726 annum
1013 5647 1053 5723 δι
1076 5661 1152 5724 tres
1174 5637 1324 5746 menses
1345 5636 1548 5723 obsidione
1564 5638 1714 5730 fortiter
1739 5643 1925 5744 tolerata,
1953 5645 2023 5735 sub
2192 5639 2193 5715 i

397 5753 624 5837 conditione
640 5752 844 5863 Antigono
862 5745 994 5834 dedita
1010 5751 1092 5844 eli,
1123 5749 1391 5834 Ptolemaeanis
1408 5776 1498 5834 cum
1514 5752 1722 5848 rebursuis
1739 5754 1844 5839 abire
1867 5761 2022 5867 pennis·

396 5860 510 5946 sarad
528 5864 735 5947 exercitum
753 5863 793 5944 in
812 5860 1020 5970 Ooelelyria
1036 5875 1130 5945 tunc'
1149 5879 1377 5949 morantem.
1480 5936 1491 5972 f

204 6013 247 6072 ιι,
256 6010 324 6075 nra,
449 5973 629 6082 Cyrenaei
649 5972 775 6055 aellate
799 5969 1297 6065 all'tolemaodeficiunt,
1332 5997 1459 6058 arcem
1485 5970 1605 6060 veluti
1621 5972 1782 6080 jamjam
1801 5947 2020 6086 presidium
2191 5981 2192 6016 ³

199 6089 338 6151 nuso.
390 6083 549 6191 ejelluri
571 6081 759 6165 obsident.
814 6081 1035 6190 Quemque
1057 6078 1172 6192 legati
1193 6107 1241 6164 ex
1260 6079 1489 6164 Alexandria
1511 6082 1604 6164 illuc
1627 6083 1744 6178 miffi,
1783 6088 1897 6178 utab
1918 6089 2019 6172 obst-

192 6184 242 6298 'l'
263 6185 307 6227 ¹²·
334 6193 337 6200 ‘
390 6191 764 6288 dionedesrsterent,
793 6191 1061 6282 hortarenturr
1088 6191 1214 6301 capite
1229 6189 1314 6274 illas
1330 6191 1520 6290 multant,
1555 6199 1594 6278 &
1610 6193 1856 6282 obfidionem
1872 6198 2022 6305 majore

371 6304 645 6392 ¹·cuntentione
657 6325 806 6420 urgent.
843 6303 922 6387 His
936 6300 1103 6414 graviter
1119 6325 1342 6422 commotus
1357 6295 1608 6418 Ptolomeus,
1636 6304 1756 6416 Agim
1768 6303 2018 6432 ducemcum
2190 6349 2191 6392 1
