4490 7184
434 257 440 268 ⁴
580 309 1298 400 ttouauausrx.
1512 249 1517 256 ¹
1697 337 1775 418 n,

106 460 114 481 ⁸
161 451 397 562 Coelesyriam
420 427 641 564 professum
656 447 770 543 else,
797 445 972 532 Chelciae
990 472 1037 530 ex
1054 444 1257 546 Ducibus,
1284 445 1392 530 alteri
1407 446 1610 555 imperavit
1626 467 1669 530 ut
1687 473 1773 556 pro-
1788 451 1970 516 tanturn*
2069 485 2072 492 ⁴

151 571 246 652 tinias
269 588 405 647 contra
429 589 523 646 eum
542 558 862 672 progrederetur,
896 556 964 641 sed
986 558 1081 640 cirm
1103 559 1355 642 Ptolemaeurn
1373 556 1634 668 persequitur,
1663 559 1772 642 illurn
1787 548 1832 592 '¹²'
1846 549 1916 590 '²²‘

151 681 239 762 mori
252 672 423 785 contigit
478 673 585 752 Tum
602 681 714 754 hoter
734 667 866 762 relisla
885 667 1099 776 Coelesyria
1117 669 1386 778 properavitin
1398 667 1650 778 AEgyptum,
1678 669 1766 778 spe·

148 813 284 976 rauspgr
301 782 513 895 improviso
532 804 812 891 occupaturum
829 775 869 862 se
883 776 1231 891 praesrdiisvacuaru
1241 831 1255 877 ,
1276 779 1463 890 opinione
1481 801 1610 862 tamen
1619 778 1770 864 fruslra·

222 923 243 978 e
277 955 286 974 ι
487 951 491 964 Ι
883 925 886 936 .

149 921 398 1114 tusCleopatra
411 1001 554 1086 auditis
571 997 636 1084 filii
655 998 877 1097 conatibus,
904 1003 945 1083 dt
960 995 1076 1112 quod
1093 1003 1129 1084 ei
1147 995 1310 1085 tentanti
1332 995 1577 1114 AEgyptum,
1609 1027 1687 1084 non
1719 1025 1769 1082 ex
1783 1022 1904 1085 truta.

145 1117 318 1202 feruentia
342 1113 583 1208 successerat,
622 1108 728 1196 missa
755 1111 809 1194 ed
838 1134 948 1220 parte
969 1112 1177 1208 exercitus,
1212 1110 1431 1220 planetum
1447 1114 1569 1196 euilla
1586 1114 1767 1225 Regioue

156 1255 199 1312 ex
227 1226 312 1309 ulit:
338 1224 492 1309 interim
509 1221 664 1333 Regina
678 1221 962 1306 Ptolemaidem
975 1251 1069 1306 curn
1085 1220 1318 1331 praesidiariis
1335 1244 1543 1336 expugnat.

191 1255 372 1448 sannaus
386 1334 438 1418 ad
455 1333 707 1443 Cleopatram
724 1330 875 1417 atctssit
889 1360 976 1416 tum
994 1333 1237 1430 muneribus,
1265 1339 1306 1414 &
1319 1331 1372 1418 ita
1387 1330 1634 1444 exceptusest
1645 1355 1689 1417 ut
1700 1331 1765 1418 be·
1783 1350 1899 1412 Μία.

149 1448 451 1540 retractauit,
476 1467 661 1554 tanquam
680 1443 864 1552 Princeps
879 1443 1030 1526 aflictos
1045 1443 1067 1524 a
1082 1443 1316 1552 Ptolemaeo,
1342 1469 1417 1528 nec
1435 1443 1538 1527 aliud
1552 1444 1768 1529 habensre·

150 1558 316 1672 fugium,
343 1564 384 1638 δι
415 1581 537 1665 quum
566 1553 726 1664 quidam
748 1557 964 1638 amicorum
984 1553 1147 1666 Reginae
1166 1552 1389 1649 suaderent,
1415 1578 1461 1640 ut
1479 1554 1581 1638 illam
1599 1581 1766 1666 quoque

67 1693 69 1706 ·
151 1670 368 1780 Regionem
399 1689 628 1774 occuparet,
668 1691 743 1749 nec
765 1662 905 1747 sineret
930 1686 1074 1748 tantam
1091 1664 1318 1774 Judaeotum
1345 1664 1630 1760 multitudinem
1654 1675 1771 1750 unius
1890 1719 1900 1728 -

148 1781 358 1888 vitipatere
373 1776 564 1860 militibus.
620 1775 792 1878 Ananias
817 1775 1050 1876 contrarium
1071 1772 1292 1871 consuluit,
1326 1773 1511 1885 iniquum
1536 1773 1684 1860 facinus
1713 1775 1773 1858 di·

68 1951 69 1954 a
151 1891 299 1983 ditans,
327 1885 577 1971 srhominem
596 1883 636 1965 in
652 1884 873 1970 societatem
882 1879 1103 1995 recepturo,
1130 1882 1647 1980 suissacultatibusexueret,
1676 1913 1774 1994 prac-

150 2001 270 2084 sertim
283 1997 397 2080 suum
413 2020 636 2108 cognatum.
690 1995 753 2078 Sic
766 1997 868 2088 enirn
886 1993 972 2078 fore
993 2021 1040 2079 ut.
1050 1995 1152 2078 illata
1167 1989 1259 2079 ltui'c
1273 1995 1435 2102 injuria,
1459 2022 1604 2080 omnes
1622 1995 1771 2106 ubique
1835 2005 1837 2013 '
1868 1996 1870 2002 ’

149 2111 312 2220 gentium
348 2105 518 2190 udaeosd
534 2107 572 2189 se
587 2107 775 2190 alienaret.
832 2107 908 2189 l-lis
930 2105 1144 2190 rationibus
1164 2107 1327 2188 Ananim
1336 2105 1677 2215 Reginainduua,
1705 2108 1775 2188 ab·
1847 2125 1849 2130 ·

149 2109 483 2414 llinuigcddpnnao
506 2217 707 2327 injurium,
735 2223 774 2299 &
794 2215 927 2302 foedus
942 2242 1032 2300 cum
1051 2244 1102 2300 eo
1127 2218 1335 2397 renopavit·
1343 2217 1453 2328 apud
1473 2214 1692 2329 Coelesyriae
1710 2243 1773 2299 ur·

67 2501 69 2508 ,
151 2327 686 2550 beptoleptlaeplprglpmAEgYPm
700 2457 820 2550 quam
837 2434 1026 2522 invadere
1042 2434 1235 2546 sperabat,
1252 2437 1411 2544 ‘ejeelus
1430 2435 1585 2520 Gazam
1595 2435 1772 2530 redierat,
1785 2461 1883 2597 tagra
1899 2479 1965 2542 ιη.

149 2553 209 2634 ubi
227 2555 356 2662 exegit
371 2571 494 2632 totam
514 2548 717 2657 hyemem,
741 2551 835 2632 vere
848 2571 983 2634 autern
998 2549 1039 2630 in
1055 2550 1255 2658 Cyprum,
1282 2548 1420 2633 nolens
1434 2575 1524 2630 cum
1540 2571 1662 2631 matre
1676 2573 1769 2630 cort·
1786 2542 1819 2675 fd*
1835 2540 1967 2677 §2⁶¹⁵-

151 2663 299 2747 tendere
308 2687 413 2744 trans
426 2657 589 2744 scotavit.
646 2659 746 2759 Quo
760 2683 923 2772 accepto
934 2657 1078 2744 nuntio
1098 2668 1140 2742 δι
1157 2658 1240 2768 iph
1253 2657 1469 2772 Cleopatra
1483 2660 1524 2741 iu
1551 2657 1790 2770 AEgyptum.
1821 2653 1830 2674 '
1894 2655 1904 2677 ⁶

151 2773 270 2856 relisit
287 2769 534 2855 Ptolemaide
554 2795 643 2878 rece
654 2769 726 2854 ffit.
1020 2842 1024 2851 .
1247 2815 1250 2822 ·
1319 2782 1322 2790 ’
1382 2841 1388 2856 .
1619 2819 1622 2826 .
1697 2799 1703 2809 ·

176 2883 373 2992 -Jannaeus
388 2903 495 3001 metu
513 2880 677 2990 periculi
688 2878 868 2964 liberatus
886 2875 1004 2990 quod
1024 2876 1275 2964 &Ptolemaeo
1291 2876 1710 2990 hauenusimpendere
1718 2878 1772 2962 ri·
1787 2862 1970 3016 ,iffissssss

152 2993 229 3075 sum
243 2993 320 3086 est,
341 2990 590 3098 expeditione
612 2989 740 3076 statim
761 2988 802 3072 in
830 2989 1081 3096 Coelesyriam
1097 2987 1518 3099 suscepta„deiudead
1537 2988 1770 3074 maritimum
1785 2989 1914 3086 ranst„
1960 2982 1969 3005 '

153 3104 305 3188 uastum
324 3100 495 3184 reversus
512 3099 590 3196 est,
617 3097 715 3184 dum
734 3097 923 3184 Antiochi
938 3098 1071 3185 fratres
1086 3097 1301 3184 Provinciis
1315 3098 1390 3186 suis
1414 3107 1455 3184 dt
1481 3097 1799 3212 usurpatoribus.

152 3214 346 3408 aeglesiis,
375 3208 452 3293 sese
462 3209 637 3295 cladibus
653 3211 797 3294 mutuis
811 3232 1033 3294 attererent.

144 3391 145 3394 a
221 3321 283 3435 pse
305 3319 463 3404 Gazaeis
478 3318 649 3406 infensus
664 3319 782 3446 quod
797 3320 1015 3406 accivilsent
1030 3307 1282 3408 Pt‘olemaeum
1297 3341 1434 3408 contra
1453 3319 1492 3406 se
1509 3323 1550 3404 in
1565 3314 1746 3406 auxilium
1760 3371 1773 3415 ,
1788 3347 1827 3404 ta
1861 3349 1887 3416 r,
1904 3363 1961 3425 225

150 3435 278 3518 urbem
302 3459 443 3517 eorum
466 3455 733 3545 oppugnavit,
768 3441 808 3516 dt
835 3459 973 3546 agrum
999 3430 1260 3543 depopulatus
1283 3435 1360 3530 esl,
1395 3431 1461 3517 sed
1486 3428 1774 3517 Ptolemaidem
1787 3424 1821 3560 fg
1845 3424 1976 3558 ,ΛΜ

150 3547 279 3648 urbem
294 3571 377 3628 non
394 3541 462 3625 nist
480 3545 568 3654 post
582 3544 674 3626 anni
693 3545 833 3654 integri
847 3541 1090 3628 obsrdionem
1107 3545 1214 3654 cepit
1227 3544 1347 3654 quim
1363 3541 1520 3628 eversus
1541 3543 1608 3626 ell.
1790 3541 1871 3648 „ii
1882 3521 1937 3580 ⁴³''

103 3760 106 3768 ,
198 3654 420 3780 Antiochus
444 3653 689 3765 Epiphanes,
724 3680 807 3779 nott
835 3653 997 3780 tlsratre
1022 3654 1225 3773 Antiocho
1246 3654 1499 3767 Philopatore
1523 3639 1669 3763 Rd'gno
1686 3653 1777 3736 exui
1794 3657 1892 3734 argu,
1906 3659 1977 3726 πῖ

149 3788 389 3962 raus
407 3762 1665 3962 {urrssllrslushrus‘sessurus
1684 3763 1779 3957 ll·
1793 3732 1973 3888 nnn

149 3905 298 4072 tiochidr1
306 3985 439 4096 pulsus
465 3985 542 4083 est,
568 3991 610 4069 dt
637 3983 770 4098 postea
784 3902 1034 4094 ejudidlididd
1043 3902 1287 4084 occisusffist,
1313 3986 1454 4070 reliPtis
1470 4013 1518 4070 ex
1538 3924 1670 4097 priore,
1685 4013 1782 4070 cun·

143 4099 239 4210 juge
263 4097 498 4208 Tryphoena
519 4095 695 4210 quinque
717 4094 803 4182 filiis
827 4095 1015 4195 Seleuco,
1050 4095 1275 4196 Antiocho,
1308 4097 1520 4211 Philippo,
1546 4097 1776 4193 Demetrio,

148 4207 403 4294 &Antiocho
421 4209 597 4317 juniore.
894 4305 897 4310 ,
934 4253 936 4258 ·

198 4318 431 4402 Ptolemaeus
456 4317 692 4430 cognomine
710 4311 873 4429 joculari
894 4317 1020 4402 ditius
1043 4315 1201 4429 Apion,
1236 4315 1280 4402 id
1304 4317 1382 4416 est,
1416 4344 1567 4414 macer,
1603 4315 1776 4428 respetlu
1793 4337 1890 4419 tagrt.
1910 4353 1976 4420 ιη·

146 4427 342 4542 Euergetis
364 4425 428 4510 11.
456 4436 525 4538 qui
547 4452 628 4513 erat
656 4428 855 4512 crassus&
873 4427 1013 4514 obesus
1041 4427 1154 4537 cujus
1178 4427 1254 4513 suit
1280 4427 1380 4514 filius
1403 4429 1553 4515 nothus
1567 4454 1713 4540 nempe
1728 4416 1979 4552 exfg⁰¹·⁶¹⁶¹·¹

145 4541 277 4634 irene,
313 4541 557 4649 Cyrenarum
587 4541 675 4624 Rex
705 4560 882 4625 mortuus
896 4539 953 4636 ell
971 4540 1046 4624 Cn.
1064 4539 1248 4626 Domitio
1264 4546 1304 4623 dt
1320 4541 1372 4625 C.
1388 4539 1522 4625 Gallio
1538 4538 1648 4623 Coss
1665 4547 1705 4622 δι
1721 4563 1776 4622 te·
1789 4542 1931 4652 stirp.

146 4652 335 4846 llbgppento
361 4647 563 4734 Heredem
577 4649 618 4734 P.
642 4652 873 4734 Romanum
890 4648 1070 4764 reliquit,
1096 4651 1259 4736 Senauu
1276 4675 1370 4736 tunc
1389 4651 1504 4737 urbes
1515 4649 1622 4760 jussu
1637 4649 1716 4734 elle
1731 4649 1775 4732 li·

196 4788 307 4954 Diam
334 4895 409 4980 pax
435 4866 476 4950 in
502 4867 685 4993 AEgypto
710 4867 810 4954 inter
831 4867 1067 4956 Ptolemaeos
1082 4865 1216 4955 fratres
1230 4867 1454 4983 Cleopatra
1473 4869 1602 4958 matris
1617 4891 1777 4956 venera·
1791 4925 1888 5004 tagra
1904 4931 1959 4990 „3

145 4979 251 5064 tione
270 5003 424 5074 manet,
451 4977 575 5064 redint
667 5002 729 5065 tur
746 4983 787 5062 in
801 4981 907 5092 Syria
921 4981 1022 5065 inter
1041 4979 1262 5066 Antiochus
1279 5007 1487 5092 patruum,
1514 4991 1554 5066 &
1573 5007 1776 5094 nepotem,
1789 5005 1860 5062 rior.
1875 4978 1969 5070 trus
1994 5067 1997 5072 ,

143 5090 360 5202 Epiphania
377 5110 529 5213 morte,
550 5090 598 5172 Se
612 5116 733 5173 cutus
746 5091 849 5174 enim
866 5090 966 5177 illius
973 5091 1096 5176 maior
1108 5091 1229 5187 lilius,
1254 5093 1422 5178 tolleslis
1440 5094 1619 5203 undique
1631 5094 1776 5205 copiis,
1792 5103 1860 5216 ’ΒΜ
1903 5157 1911 5217 ¹

141 5200 338 5313 patrisque
360 5200 547 5284 milrtibus
574 5199 752 5309 adjutus,
787 5223 970 5313 patruum
990 5201 1284 5312 Philopatorem
1309 5205 1469 5290 adortus
1493 5205 1570 5302 est,
1597 5203 1663 5289 hic
1679 5202 1775 5288 verri
1792 5158 1977 5312 dirpl'iyif0'

144 5313 290 5407 vissus,
315 5310 706 5421 jsmquecapiendus
720 5308 759 5395 se
777 5312 907 5423 ipsum
921 5315 1136 5410 interemit,
1164 5312 1297 5400 relitio
1316 5343 1365 5400 ex
1388 5315 1602 5428 Cleopatra
1631 5317 1781 5428 majore
1793 5309 1842 5377 θ’·
1854 5311 1949 5380 tues,

142 5422 342 5534 Euergetis
356 5421 415 5502 11.
443 5419 543 5514 lilia,
572 5448 660 5529 quae
673 5421 779 5532 priris
800 5423 1013 5510 Ptolemaeo
1027 5423 1153 5509 Soteri
1169 5424 1363 5534 nupserat.

196 5531 421 5658 Antiochus
445 5528 624 5658 Eusebes·
639 5532 829 5617 Antiochi
856 5533 1120 5670 Philopatoris
1139 5533 1240 5620 filius
1258 5533 1528 5621 deficientibus
1542 5535 1594 5620 ad
1609 5535 1647 5622 se
1662 5537 1780 5647 patris
1794 5553 1890 5630 tagre
1911 5573 1978 5636 ιη,

143 5643 334 5767 militrbus
349 5640 530 5766 diadema
557 5639 626 5723 fibr
654 5645 847 5754 imponit,
886 5643 1083 5755 patrisque
1104 5671 1272 5728 mortem
1289 5645 1437 5730 ulturus
1454 5645 1598 5732 bellum
1646 5647 1780 5730 atrueli
1794 5629 1952 5765 2⁰¹·4l‘2·
2063 5719 2090 5758 ,Ἰ

141 5753 315 5946 plener}
322 5751 474 5878 mtulort,
501 5777 624 5863 quem
641 5779 722 5836 uno
738 5755 873 5867 praelio
888 5759 911 5840 ὲ
929 5779 1012 5841 tota
1026 5755 1132 5867 Syria
1152 5755 1321 5866 expulit,
1347 5762 1388 5841 δι
1405 5755 1528 5865 pauli)
1549 5675 1644 5871 pud
1654 5758 1696 5842 in
1711 5756 1781 5840 Ci-
1796 5754 1981 5872 prepara,-

247 5894 259 5945 l
396 5884 465 5944 tllt.
1796 5879 1897 5941 cupa.

168 5887 470 6098 ngelpneepptm
486 5969 550 6055 seu
566 5975 676 6058 tertia
692 5975 893 6089 Euergetis
908 5975 1025 6060 etiam
1043 5975 1140 6073 lilia,
1167 5975 1420 6087 dCleopatra
1436 6001 1559 6066 matre
1580 5975 1784 6064 Antiocho
1797 5975 1895 6114 lapd-
1909 5997 1980 6058 ²3¹:
2102 5943 2104 5950 Ι

147 6083 352 6210 Epiphanr
388 6083 608 6180 collocata,
646 6112 770 6196 quum
794 6090 846 6170 ab
867 6089 956 6195 ejus
980 6086 1066 6174 filiis
1084 6086 1156 6198 qui
1175 6113 1225 6170 ex
1250 6087 1477 6202 Tryphaena
1496 6054 1866 6203 sumptim-¹12²
1883 6057 1965 6128 ⁸¹⁸¹*

144 6198 299 6306 genita,
327 6193 904 6327 rpsruserantnepo'teslihegio
920 6225 1030 6320 more
1048 6199 1393 6303 contractarum,
1420 6210 1462 6292 &
1481 6201 1708 6318 AEgyptum
1735 6199 1937 6288 adurant-¹

723 6332 730 6370 ·.
874 6327 881 6334 .
1303 6323 1307 6332 .
1708 6339 1791 6401 ma·
