4402 7066
645 512 1474 640 prosumnusxmp
1737 541 1819 650 sm

188 673 234 742 ex
257 649 495 764 equitatibus
526 645 649 732 Gallis
672 650 944 744 arbitrabatur,
970 649 1350 762 innavigiaminora,
1377 647 1616 762 staphisque
1633 649 1826 763 imponit,
1842 657 2024 736 nioman.
2074 733 2077 740 ,

189 769 343 852 alteram
362 760 500 842 Insula
531 786 680 866 partem
707 760 934 846 distinendae
954 787 1091 843 manus
1114 759 1225 842 causa
1250 787 1338 842 cunt
1358 761 1560 846 constratis
1581 764 1745 848 navibus
1760 793 1828 877 ag·
1842 773 1887 816 ²¹¹·
1902 753 1969 827 ²²⁶³

191 875 384 993 greditur,
412 871 577 981 praemiis
605 873 753 984 magnis
778 868 1017 982 propositis,
1052 870 1122 980 qui
1137 871 1288 980 primus
1309 871 1474 955 Insulam
1492 873 1671 981 cepisset,
1698 901 1739 957 ar
1754 876 1831 985 pri·

190 1016 256 1072 mo
274 987 467 1094 impetum
489 985 760 1066 Romanorum
778 984 918 1093 pariter
933 981 1211 1073 sustinuerunta
1243 1001 1323 1064 uno
1339 984 1447 1066 enim
1465 993 1697 1092 tempore&
1715 1009 1831 1068 exte-

192 1101 257 1184 llis
271 1091 524 1178 edificiorum
540 1093 787 1204 pugnabant,
815 1100 852 1174 dt
871 1093 1002 1177 littora
1017 1091 1152 1176 armati
1172 1087 1457 1188 defendebant,
1515 1121 1568 1176 uo
1582 1120 1744 1204 propter
1769 1095 1829 1179 as-

190 1209 392 1317 peritatem
419 1203 495 1286 loci
516 1230 597 1287 non
628 1198 747 1286 facilis
775 1203 970 1286 Romanis
996 1201 1123 1286 aditus
1148 1202 1380 1310 dabatur&
1413 1205 1500 1316 scap
1529 1231 1570 1290 as
1590 1205 1830 1319 navibtlsque

191 1317 317 1429 longis
341 1342 376 1418 5.
406 1309 656 1402 mobiliter&
674 1315 834 1398 scienter
848 1311 1039 1425 angustias
1055 1313 1366 1398 locituebautur.

242 1425 320 1512 Sed
346 1425 411 1507 ubi
437 1423 534 1507 locis
558 1425 736 1535 primum
758 1425 945 1536 cognitis,
962 1421 1163 1534 undisque
1187 1423 1438 1535 pertentatis,
1466 1425 1581 1532 pauci
1597 1421 1769 1511 Romani
1784 1429 1959 1514 intutum

194 1537 292 1623 locis
314 1533 587 1630 constiterunt,
623 1561 742 1645 arque
765 1533 841 1618 hos
857 1536 943 1620 sunt
958 1535 1022 1616 alii
1048 1533 1266 1630 subsecuti,
1295 1535 1655 1645 constantsrquein
1670 1551 1740 1634 eos
1758 1541 1828 1649 qui

194 1653 235 1734 in
261 1651 390 1731 littore
413 1667 528 1756 aequo
553 1645 789 1741 institerant,
814 1651 1006 1757 impetum
1022 1643 1208 1730 fecerunt·
1263 1648 1418 1730 Omnes
1437 1644 1600 1729 Pharitae
1618 1670 1730 1760 tergo
1746 1655 1831 1735 ver·
1941 1719 1945 1728 .

196 1781 348 1854 terunt,
382 1755 444 1840 his
465 1754 580 1866 pulsrs
605 1757 779 1840 custodia
791 1783 932 1865 portus
947 1756 1107 1852 relidla,
1132 1755 1184 1839 ad
1201 1753 1335 1839 littora
1351 1763 1391 1838 δι
1409 1757 1536 1839 vicum
1546 1757 1768 1882 applicuere
1776 1762 1832 1844 se·

196 1898 273 1980 que
291 1895 341 1950 ex
354 1868 520 1951 navibus
536 1863 586 1948 ad
602 1865 747 1952 tuenda
762 1867 922 1954 aedificia
939 1867 1107 1975 ejecere,
1133 1892 1266 1972 neque
1280 1866 1377 1949 verb
1400 1867 1548 1952 diutius
1566 1867 1661 1977 rpfi,
1689 1891 1829 1956 exmu⁴

185 1983 345 2070 uitione
364 1978 401 2062 se
417 1978 616 2062 continere
632 1991 817 2088 potuere,
844 1978 914 2063 etsr
932 2001 1014 2061 erat
1033 2003 1115 2060 non
1141 1974 1317 2060 dissimile
1332 2002 1452 2089 atque
1463 1976 1731 2076 Alexandria,
1757 2008 1825 2095 ge·

198 2119 269 2174 nus
286 2088 537 2172 aedilitiorum
554 2087 631 2200 (ut
648 2091 797 2172 minora
814 2090 1026 2199 majoribus
1044 2083 1322 2196 conferantur)
1341 2089 1538 2198 turresque
1554 2089 1668 2173 edita
1685 2098 1834 2175 &con-

195 2201 338 2312 junslae
362 2199 468 2288 muri
496 2199 626 2282 locum
646 2201 877 2284 obtinebant
904 2255 918 2297 ,
954 2207 1087 2309 neque
1114 2199 1289 2282 Romani
1310 2223 1378 2284 aut
1405 2199 1530 2296 scalis,
1558 2224 1627 2286 aut
1641 2205 1830 2302 cratibus,

199 2323 265 2396 aut
280 2310 437 2418 reliquis
451 2311 566 2392 rebus
580 2312 908 2418 pararivenerant
923 2309 974 2394 ad
990 2311 1314 2419 oppugnandum.
1396 2409 1399 2418 Ι
1707 2313 1711 2320 ’

254 2423 324 2517 Ut¹
340 2427 459 2504 terror
482 2421 707 2504 hominibus
734 2441 930 2516 mentem,
955 2419 1241 2526 consiliumque
1258 2420 1371 2530 eripit
1388 2425 1430 2504 δι
1445 2420 1616 2504 membra
1635 2421 1830 2520 debilitat,
1842 2413 1959 2484 raum

197 2532 369 2616 listune
392 2531 541 2615 accidit.
597 2531 683 2635 Qui
705 2531 743 2617 se
768 2533 809 2614 in
826 2558 941 2641 aequo
954 2531 1043 2614 loco
1064 2557 1111 2612 ac
1130 2531 1249 2638 plano
1266 2553 1379 2641 pares
1394 2531 1470 2616 elle
1485 2531 1758 2629 confidebant,
1785 2534 1830 2616 ii·
1913 2611 1915 2614 ,

199 2643 288 2727 dem
308 2642 499 2752 perterriti
518 2639 610 2752 fuga
627 2643 803 2736 suorum,
831 2648 869 2724 ὃ(
887 2641 993 2725 caede
1009 2667 1220 2750 paucorum
1240 2671 1307 2750 30.
1326 2643 1473 2754 pedum
1483 2642 1682 2727 altitudine
1690 2645 1731 2727 in
1739 2641 1830 2728 aedi·

200 2753 295 2838 ficiis
312 2752 516 2837 consistere
530 2750 609 2835 aufi
631 2779 713 2836 non
729 2750 839 2860 sunt,
868 2752 986 2862 seque
1007 2767 1077 2855 per
1094 2751 1261 2848 molem,
1288 2755 1329 2834 in
1346 2777 1452 2836 mare
1468 2749 1831 2864 p'raecipita'verunt,
1901 2857 1903 2862 Α

200 2871 238 2948 &
267 2871 363 2950 800.
380 2863 558 2976 passuum
573 2862 813 2948 intervallum
830 2862 881 2946 ad
897 2861 1091 2974 oppidum
1109 2867 1372 2948 enataverunt.
1429 2861 1549 2948 Multi
1569 2885 1698 2968 tamen
1715 2873 1764 2950 ex
1783 2866 1829 2950 iis

199 2976 302 3086 eapti
317 2971 588 3082 interseslique
606 2971 714 3070 sunt,
739 2973 807 3059 sed
821 2999 1006 3058 numerus
1019 2973 1262 3083 captivorum
1279 2975 1444 3056 omnini>
1458 2973 1535 3058 fuit
1550 2981 1644 3056 noo.
1820 3075 1822 3080 Ι

253 3082 386 3172 Caessr
412 3081 542 3197 praeda
566 3081 750 3171 nulitibus
771 3084 973 3180 con'cella,
1005 3081 1170 3166 edificia
1191 3082 1308 3196 diripi
1331 3083 1459 3192 juslit,
1485 3084 1762 3195 castellumque
1777 3085 1828 3169 ad
1842 3081 1960 3148 llll&

200 3218 387 3306 pontem,
422 3195 491 3306 qui
507 3195 669 3304 propior
689 3220 771 3280 erat
785 3195 915 3280 Pharo
931 3197 1208 3290 communiuit,
1235 3209 1354 3306 atque
1368 3195 1423 3278 ibi
1441 3196 1658 3304 praefidium
1677 3196 1828 3306 posuit,
1944 3287 1951 3303 ,

200 3309 308 3392 hunc
334 3307 427 3419 fuga
453 3304 617 3389 Pharitae
645 3306 900 3416 reliquerant,
937 3304 1139 3389 fortiorem
1164 3306 1304 3402 illurn,
1331 3307 1731 3417 propinquioremque
1757 3335 1832 3418 op·
1961 3333 1963 3338 ’

198 3417 295 3530 pido
317 3413 571 3502 Alexandrini
586 3419 812 3512 tuebantur,
839 3414 907 3498 sed
923 3417 1014 3500 cum
1030 3415 1186 3524 postero
1203 3414 1270 3500 die
1291 3416 1403 3498 simili
1418 3417 1568 3502 ratione
1589 3418 1834 3528 aggreditur,

200 3527 321 3638 qubd
341 3528 402 3614 his
421 3525 591 3612 obtentis
610 3526 768 3612 duobus
785 3543 943 3612 omnem
964 3526 1209 3640 navigiorum
1225 3526 1423 3610 excursum
1443 3533 1482 3610 δι
1500 3529 1703 3640 repentina
1720 3528 1836 3612 latro·

198 3641 299 3724 einia
326 3637 515 3726 sublatum
537 3637 592 3746 iri
608 3637 841 3736 videbatur,
871 3639 950 3744 ism
973 3657 1033 3726 ‘ue
1061 3665 1152 3730 nos,
1178 3638 1254 3747 qui
1273 3635 1453 3750 praefidio
1468 3663 1564 3721 eum.
1579 3636 1711 3722 locum
1728 3662 1837 3724 tenea

200 3751 323 3849 bant,
349 3749 553 3837 tormentis
566 3750 761 3857 enaaibm
777 3665 1054 3862 sagittariisque
1066 3749 1294 3858 depulerat,
1321 3769 1442 3860 atque
1458 3749 1500 3831 in
1514 3749 1711 3860 oppidum
1727 3749 1838 3834 rede·

81 3881 83 3886 ·
198 3885 331 4056 perat,
359 3870 400 3946 lle
418 3860 648 3947 cohortium·
661 3860 901 3951 triuminstsr
914 3857 1374 3969 interramexposuerat,
1399 3858 1835 3973 nonenimplure'scon-
1927 3921 1932 3938 .

232 3973 328 4058 llere
352 3971 534 4086 angustiae
556 3971 634 4058 loci
655 3972 923 4083 patiebantur,
949 3971 1107 4082 reliquae
1122 3971 1247 4084 copiae
1262 3970 1484 4056 innavibus
1502 3971 1708 4058 statiomm
1723 3972 1832 4057 obri·-

198 4087 479 4302 neu‘appfflo
495 4197 657 4304 imperat
673 4119 835 4304 pontem
852 4191 1032 4278 adversus
1045 4190 1198 4278 hollent
1218 4192 1447 4301 prae'valla'ri,
1475 4188 1515 4275 dr
1531 4218 1610 4304 qua
1626 4194 1751 4279 exitus
1759 4223 1826 4279 nab
1840 4181 1953 4250 lutura.

199 4305 310 4390 vibus
333 4305 440 4400 erat,
470 4303 621 4390 fornice
639 4305 838 4399 extruslo,
873 4319 958 4414 quo
973 4329 1076 4412 pons
1095 4301 1364 4399 sustinebatur,
1392 4303 1587 4413 lapidibus
1605 4305 1756 4414 oppleri
1771 4328 1828 4391 at·
1894 4369 1902 4386 .

198 4443 278 4527 que
295 4417 468 4510 obstrui,
493 4443 661 4528 quorum
680 4416 802 4500 altero
816 4441 938 4526 opere
953 4415 1097 4498 effesto
1108 4415 1215 4500 nulla
1225 4413 1537 4606 omninbscapha
1549 4417 1683 4526 egredi
1692 4417 1830 4528 pollet,

195 4526 316 4616 altero
333 4525 533 4626 lnllituto,
558 4551 696 4610 omnes
714 4525 1063 4618 Alexandrinorum
1079 4525 1204 4638 copiae
1217 4551 1266 4608 ex
1282 4523 1435 4634 oppido
1457 4551 1661 4631 eeJecere,
1689 4535 1831 4610 &eon-

196 4661 254 4722 tra
283 4637 521 4722 munitiones
544 4636 678 4748 pontis
701 4636 836 4720 latiore
860 4635 951 4721 loco
969 4636 1251 4721 constiterunt:
1277 4635 1501 4747 eodemque
1517 4659 1714 4745 tempore,
1741 4643 1830 4748 quae

194 4755 477 4832 consueverant
492 4749 643 4860 navigia
660 4763 730 4855 per
745 4769 886 4857 pontes
904 4748 955 4832 ad
979 4745 1159 4832 incendia
1181 4747 1442 4832 onerariarum
1463 4746 1661 4842 emittere,
1687 4747 1831 4832 admo·

193 4857 270 4942 lem
283 4858 576 4952 constituerunt.
632 4858 879 4970 Pugnabatur
894 4862 917 4940 a
931 4855 1288 4968 nostrisexponte',
1311 4856 1827 4956 exmole&abillisexareai

193 4995 283 5079 quae
301 4990 386 5054 erat
400 4967 582 5051 adversus
598 4992 786 5080 pontem,
813 4976 853 5049 &
868 4991 918 5052 ex
934 4969 1100 5052 nauibus
1116 4990 1250 5053 contra
1269 4966 1424 5052 molem.

246 5079 296 5162 ln
316 5081 378 5162 lais
401 5079 516 5164 rebus
529 5104 724 5190 occupato
740 5076 914 5175 Caefare,
941 5078 1157 5188 militesque
1172 5077 1355 5186 hortante
1370 5077 1558 5191 remigum
1576 5104 1738 5188 magnus
1756 5108 1824 5163 nu·
1838 5093 1879 5153 ld·
1886 5088 1955 5151 tut.

188 5198 370 5274 merus&
381 5187 665 5275 Clalliariorum
679 5218 726 5276 ex
735 5190 862 5301 longis
877 5189 1038 5275 mribus
1056 5189 1250 5274 Romanis
1268 5190 1307 5274 se
1324 5190 1448 5299 eiecit.
1504 5191 1741 5278 Parseorum
1755 5193 1831 5277 llu-

191 5300 262 5384 dio
283 5299 483 5412 spellandi
515 5299 732 5397 ferebatur,
758 5327 847 5411 pars
865 5300 947 5404 jam
962 5299 1174 5412 cupiditate
1188 5301 1397 5412 pugnandi.
1452 5301 1511 5384 Hi
1528 5302 1697 5410 primum
1723 5303 1830 5386 navi·

187 5410 253 5524 gia
276 5411 452 5494 bostium
478 5409 672 5520 lapidibus
699 5441 742 5495 ac
767 5409 898 5496 fitndis
931 5413 955 5496 l
974 5409 1078 5496 mole
1097 5411 1335 5522 repellebant
1355 5451 1368 5508 ,
1393 5438 1439 5494 ac
1456 5411 1623 5496 multum
1637 5411 1826 5521 proficere

187 5521 445 5606 multitudine
460 5522 624 5607 telorum
640 5522 891 5620 videbantur,
916 5519 983 5606 sed
1003 5521 1319 5634 postquam-eum
1336 5522 1466 5606 locum
1484 5522 1533 5604 ab
1547 5522 1671 5607 latere
1689 5552 1826 5608 eorum

185 5657 331 5742 aperto
341 5631 516 5719 ausrsunt
530 5634 662 5748 egredi
674 5661 722 5718 ex
738 5634 902 5718 navibus
921 5628 1173 5717 Alexandrini
1189 5633 1326 5742 pauci,
1355 5654 1401 5717 ut
1416 5631 1496 5714 stne
1513 5629 1826 5744 sagniacertlsque'

185 5742 421 5837 ordinibus,
450 5740 529 5828 stne
548 5752 697 5829 ratione
711 5746 966 5855 prodierant,
981 5741 1036 5830 ste
1050 5744 1199 5830 temere
1215 5745 1257 5828 in
1272 5770 1391 5827 naves
1405 5739 1582 5854 refugere
1597 5769 1822 5852 coeperunt,

180 5877 364 5964 quorum
386 5852 480 5965 fuga
504 5855 656 5940 incitati
682 5855 936 5942 Alexandrini
950 5882 999 5939 ex
1014 5856 1177 5942 navibus
1196 5853 1513 5968 egrediebantur,
1541 5853 1828 5963 Romandsque

183 5964 315 6049 aerius
338 5965 660 6076 insequebantur,
693 5965 804 6052 srmul
828 5968 952 6079 quiin
974 5967 1137 6051 navibus
1150 5963 1545 6078 longioremanserant
1562 5963 1677 6049 scalas
1692 5989 1828 6073 rapere

184 6075 388 6187 navesque
411 6077 435 6160 b
456 6097 557 6162 terra
591 6079 775 6190 repellere
802 6078 1066 6191 properabant
1087 6105 1139 6163 ne
1175 6075 1443 6160 Alexandrini·
1460 6074 1625 6162 navibus
1654 6077 1827 6187 potiren·

183 6209 261 6272 tur.

233 6297 319 6398 His
346 6298 530 6384 omnibus
550 6300 665 6396 rebus
694 6299 907 6412 perturbati
930 6299 1070 6386 milites
1098 6297 1276 6384 Romani
1292 6296 1518 6383 cohortium
1535 6299 1650 6384 trium
1677 6327 1767 6412 quae
1783 6301 1951 6389 inuaua

177 6433 311 6522 ponte
326 6437 374 6496 ac
390 6411 514 6523 prima
529 6412 925 6513 molesonslirerant,
952 6439 1076 6527 quum
1092 6412 1181 6526 post
1198 6409 1462 6498 reclamorern
1485 6411 1731 6508 exaudirent,
1759 6409 1822 6494 fu·

1141 6521 1234 6632 V3
1731 6549 1822 6636 gam
