4402 7066
677 415 1250 520 anoPnTnnr
1719 447 1798 536 tn

177 559 267 645 ‘lbi
290 555 450 671 qnidam
469 555 654 642 ordinum
670 560 810 644 dussor
825 557 1064 670 pedestrium
1077 557 1335 642 certaminum
1353 553 1506 655 sciens,
1532 557 1605 670 qni
1619 561 1990 687 pompis-[Affinis
2118 683 2120 688 ,
2184 649 2187 656 ¹

148 670 946 864 sresiste”resistenter
974 659 1847 888 ‘uslqlneesslstrresn³³³
1860 657 1937 778 n

152 835 313 1018 neribus
332 897 371 971 δι
387 805 525 1018 gladiis
541 894 649 1016 spem
667 807 773 977 sliam
792 881 1010 1017 profligans
1026 891 1066 972 in
1082 833 1194 1002 lignis
1207 807 1403 1016 siponiss
1421 889 1602 1016 AEgyptii
1617 900 1658 977 δι
1672 893 1791 977 Pho:-

151 1003 1290 1225 iliislelslellilsslilssslssrlr‘ssslisislssl'sll
1309 1001 1790 1199 strzlzssslsnln

151 1221 263 1332 quast
280 1221 451 1305 excitans
467 1246 620 1306 cnmnt
639 1224 747 1306 bono
767 1223 900 1306 animo
914 1217 1028 1316 esset,
1046 1223 1250 1333 praeteriit,
1271 1223 1380 1305 omni
1397 1224 1498 1306 bona
1514 1223 1580 1334 spe
1598 1223 1789 1336 deposita.

152 1335 319 1444 Nempe
337 1333 613 1444 gubernatores
630 1333 729 1429 vela,
745 1361 867 1445 quum
886 1331 1081 1417 cavellent
1095 1331 1325 1443 relinquere,
1340 1333 1542 1444 imponere
1556 1337 1598 1418 in
1615 1362 1734 1420 naves
1747 1340 1789 1420 δε
1814 1389 1828 1408 ,

155 1455 310 1556 portare
326 1443 454 1529 leciirn
469 1446 624 1555 coegit,
658 1443 807 1529 addens
822 1443 1043 1528 faciendum
1057 1468 1109 1526 nc
1154 1445 1213 1526 uis
1227 1442 1396 1527 hostium
1414 1441 1506 1554 suga
1525 1446 1673 1530 eradat.
1825 1541 1829 1548 ,

186 1573 189 1578 ·
209 1555 337 1638 Caesar
352 1577 579 1663 apparatum
601 1555 772 1638 hostium
787 1555 1026 1664 conspiciens
1044 1591 1061 1650 ,·
1085 1471 1165 1663 ipse
1180 1555 1295 1636 ctiam
1310 1555 1354 1635 se
1369 1552 1420 1635 ad
1435 1581 1606 1667 pugnam
1620 1581 1782 1668 compo·
1798 1561 1855 1628 1³³⁰
1873 1564 1951 1643 trs:

149 1661 244 1758 suit,
272 1663 335 1747 sed
352 1665 419 1745 ubi
428 1663 625 1748 confilium
643 1692 781 1749 eorum
796 1690 846 1748 ex
859 1666 969 1758 aliis,
997 1693 1043 1748 ac
1059 1666 1225 1748 maxime
1251 1691 1302 1748 ex
1314 1662 1444 1747 Delllo
1467 1668 1538 1776 qui
1552 1667 1604 1751 ab
1621 1666 1787 1752 Antonii

149 1777 324 1886 partibus
335 1775 386 1856 ad
399 1775 522 1885 ipsum
538 1773 787 1888 confugerat,
803 1775 1012 1890 intellexit,
1030 1774 1234 1860 condnsso
1246 1775 1288 1858 in
1305 1801 1427 1858 unum
1444 1775 1578 1860 locum
1590 1778 1670 1890 ipse
1686 1805 1787 1890 quo·

149 1912 231 1998 que
244 1889 432 1980 exercitu,
460 1888 598 1972 milites
617 1887 804 1971 allocutus
822 1886 890 1970 est.
1082 1949 1086 1956 .
1783 1963 1785 1968 ,

203 1995 386 2108 Qatnor
403 1998 543 2082 abhinc
571 1997 709 2082 diebus
728 1995 866 2110 grandi
884 2018 1004 2083 vento
1031 1995 1223 2082 siusiuans
1244 2021 1381 2094 mare,
1407 1999 1581 2106 praelium
1598 1997 1780 2108 interpel·
1792 2009 1902 2072 risen

151 2107 254 2190 lavit.
291 2106 449 2215 Quinto
468 2109 533 2192 die
552 2110 648 2192 caelo
664 2108 799 2193 sereno
814 2114 854 2191 &
873 2129 955 2191 tran
988 2107 1081 2191 uillo
1102 2110 1198 2191 mari
1215 2131 1451 2196 concurrere
1482 2111 1679 2194 Antonius
1691 2092 1816 2194 cum*
1818 2105 1899 2148 ⁰⁰⁰⁰⁰

148 2216 351 2329 Poplicola
365 2221 405 2299 in
421 2218 559 2303 dextro
574 2233 695 2303 cornu
710 2223 810 2332 egit,
838 2212 923 2301 insi
956 2219 963 2234 '
999 2246 1044 2305 ro
1060 2218 1228 2313 Caclius,
1256 2219 1425 2302 mediam
1437 2219 1561 2306 aciem
1579 2221 1641 2306 M.
1658 2219 1783 2304 ona·

148 2329 259 2422 vius,
286 2336 326 2413 &
344 2331 401 2410 Μ.
413 2328 584 2440 Justeius
599 2329 814 2415 obtinuere.
850 2329 979 2413 Caesar
995 2327 1141 2412 sinistro
1156 2329 1327 2437 pracfecit
1341 2334 1435 2456 Agri
1464 2357 1575 2437 pam,
1602 2331 1782 2415 dextrum

148 2437 232 2546 ipse
242 2440 413 2538 retinuit.
472 2443 623 2552 Copias
640 2442 801 2526 Antonii
820 2439 1010 2524 terrestres
1018 2439 1230 2533 Canidius,
1258 2440 1418 2524 Caesaris
1434 2358 1588 2525 Psaurus
1602 2447 1645 2525 in
1659 2439 1788 2526 littore

148 2549 517 2656 insituslastenuere
530 2551 693 2660 quietas.
1520 2577 1524 2584 ·

160 2677 167 2690 ·
208 2660 405 2744 Antonius
420 2661 610 2745 ausluaria
626 2661 714 2745 navi
725 2659 1030 2757 circumsessus,
1057 2666 1098 2743 bt
1111 2655 1339 2746 adhortatus
1349 2661 1405 2745 ess
1420 2661 1588 2759 milites,
1615 2669 1908 2748 monensldnbid·

150 2771 208 2853 ob
226 2771 379 2854 navium
397 2771 554 2883 pondus
572 2825 586 2868 ,
615 2772 676 2857 vel
694 2798 736 2858 ut
755 2775 797 2856 in
814 2769 896 2854 solo
914 2771 1062 2856 stabiles
1079 2792 1305 2885 pugnarent.
1361 2772 1697 2856 Gubcmatoribus
1711 2773 1786 2858 int·
1868 2856 1871 2864 .

246 2882 331 2978 rit',
360 2905 405 2964 ut
421 2882 528 2992 quast
545 2884 585 2966 in
605 2886 753 2966 ancoris
772 2881 957 2966 stantibus
980 2881 1171 2977 naribus,
1197 2881 1291 2965 nihil
1308 2880 1568 2967 semoventes
1590 2882 1784 2972 incursum

151 2907 323 3075 bissium
337 2997 582 3102 exciperent,
611 2993 926 3102 declinarentque
939 2992 1182 3104 iniquitatem
1196 2991 1273 3076 loci
1287 2993 1327 3074 in
1347 2990 1521 3077 saucibus
1535 2993 1623 3076 loci.
1654 2992 1794 3080 Cesar

150 3101 247 3184 duna
263 3101 412 3186 classem
426 3101 605 3188 lustrabat
620 3157 634 3202 ,
662 3105 818 3296 navigio
836 3100 886 3184 ad
901 3101 1081 3218 dextrum
1098 3129 1218 3188 cornu
1235 3103 1389 3199 sessus,
1408 3101 1646 3214 quiescentes
1660 3102 1702 3186 in
1716 3131 1788 3191 an·

131 3211 283 3324 ⁴gustiis
309 3215 463 3297 miratus
477 3214 534 3318 est
556 3214 717 3322 lrostes,
763 3210 955 3325 rquidem
981 3212 1160 3316 stantium
1184 3215 1223 3296 in
1247 3215 1399 3297 ancoris
1424 3237 1506 3299 crat
1529 3214 1685 3298 navium
1701 3212 1787 3327 spe·

149 3327 258 3418 cies,
286 3322 408 3437 idque
421 3325 494 3407 din
511 3325 700 3422 credens,
735 3323 1007 3409 sustinuitsuas
1020 3375 1047 3421 ,.
1061 3339 1151 3434 qnae
1173 3323 1266 3410 osso
1292 3323 1420 3410 stadiis
1442 3325 1492 3408 ab
1520 3323 1696 3410 hostibus·
1718 3323 1786 3410 ab·

151 3455 273 3520 eram.
334 3477 341 3490 ·
613 3489 615 3492 -

160 3571 165 3582 ’
195 3539 288 3654 'lam
303 3545 401 3632 hora
417 3533 613 3662 crat'sexta
629 3605 643 3646 ,
682 3572 737 3633 tv.
757 3549 975 3656 ‚Nonarum
991 3545 1255 3660 Septembris,
1279 3571 1412 3658 quum
1428 3569 1549 3635 vento
1563 3573 1612 3633 ex
1627 3547 1707 3636 alto
1722 3546 1906 3638 in-ffibidl

146 3654 409 3746 crebrescente
425 3661 708 3745 cunstationem
718 3661 879 3746 molest&
896 3657 1063 3744 ferentes
1081 3660 1245 3744 Antonii
1259 3659 1417 3756 milites,
1445 3659 1684 3772 narismquc
1697 3656 1781 3744 sua·

135 3773 239 3881 'rum
251 3769 341 3880 sreti
356 3769 507 3884 fastigio
524 3777 564 3876 βε
581 3771 855 3882 amplitudine,
881 3769 978 3854 sicut
999 3770 1315 3883 inexpugnabili,
1342 3769 1533 3854 sinistrum
1554 3796 1678 3857 comta
1695 3795 1784 3854 mo-
1860 3849 1865 3860 .

147 3897 311 3980 verum,
333 3893 424 3964 ‘cum
444 3881 585 3991 quibus
601 3883 804 3966 Casariani
818 3881 1128 3966 dimicaveruntr
1154 3877 1236 3966 non
1253 3883 1385 3964 autem
1400 3879 1501 3966 datar
1512 3878 1781 3993 impressiones

147 3988 328 4087 suerunt,
355 4019 485 4104 neque
502 3991 734 4103 irruptiones
749 3993 927 4089 navium,
941 3992 995 4075 ita
1012 4014 1056 4074 ut
1073 3989 1187 4075 suerit
1200 3989 1356 4075 assimile
1370 3989 1540 4104 pedeslri
1553 3990 1686 4102 prelio
1701 3985 1782 4077 cer·

146 4123 305 4196 tamen,
329 4126 398 4189 aut
419 4129 615 4200 murorum
631 4103 940 4217 oppugnationi:
960 4099 1069 4184 simul
1088 4102 1192 4186 enim
1209 4123 1286 4187 tres
1301 4124 1547 4213 autquatuor
1562 4129 1682 4186 unam
1696 4111 1783 4186 An·

147 4213 248 4295 tonii
267 4213 496 4322 cingebant,
525 4215 680 4325 tragulis
698 4221 737 4296 δι
755 4216 895 4298 lanceis
916 4220 957 4295 &
974 4213 1102 4297 contis
1116 4220 1157 4295 &
1172 4213 1260 4297 telis
1277 4212 1407 4324 ignitis
1422 4212 1659 4324 pugnabant.
1697 4215 1784 4300 An·

147 4323 301 4406 toniani
314 4325 550 4436 ingerebant
566 4325 685 4409 etiam
706 4326 908 4435 catapultis
929 4349 977 4408 ex
995 4323 1160 4424 turribus
1185 4323 1320 4436 ligneis
1336 4322 1422 4407 tela.
1479 4324 1587 4406 Porri
1666 4343 1705 4416 te
1728 4321 1782 4411 ad

73 4507 78 4516 ·
146 4431 451 4519 ‘¹²
466 4431 1410 4631 tinserens,seruassent
1423 4348 1783 4630 transiens

425 4597 438 4639 Β
1059 4605 1068 4623 ·
1505 4595 1519 4639 2
1761 4588 1781 4608 ⁰

145 4655 509 4740 mnnonimicanre.
840 4699 841 4702 κ
1128 4699 1132 4708 ·
1544 4691 1548 4712 ·
1594 4698 1597 4704 v

199 4765 416 4878 &dquam
430 4771 513 4872 jam
525 4756 651 4852 dubio
665 4765 758 4853 esset
775 4787 917 4853 eventu
935 4789 1124 4855 certatum
1143 4817 1157 4862 ,
1186 4766 1342 4851 tandem
1358 4763 1602 4872 Cleopatra,
1626 4789 1716 4875 quae
1730 4765 1772 4848 in
1786 4777 1903 4844 tenu.

145 4877 299 4963 ancoris
315 4879 402 4987 poll
424 4875 577 4963 classem
593 4907 644 4990 pn
675 4905 830 4962 nantem
850 4876 998 4974 stabat,
1032 4902 1155 5002 quum
1171 4904 1254 4960 non
1276 4874 1393 4960 ferret
1414 4873 1636 4961 diuturnam
1655 4903 1701 4960 ac
1715 4876 1779 4960 in,

143 5009 292 5072 certam
309 5007 472 5072 eventus
482 4990 610 5100 spem,
640 4907 787 5074 itatius
806 4986 980 5099 suspensa
998 4987 1114 5070 anrmi
1126 4984 1387 5080 solicitudine,
1412 4985 1669 5178 ancipitispue
1684 5011 1782 5098 praeg.

144 5099 189 5182 lii
207 5098 332 5183 exitus
358 5098 628 5207 expeslatione
644 5101 772 5195 vissa,
801 5098 909 5212 signo
923 5097 997 5182 suis
1013 5096 1136 5193 dato,
1163 5095 1265 5210 fuga
1284 5095 1322 5180 se
1346 5092 1458 5180 dedn
1475 5123 1564 5180 cum
1603 5099 1784 5210 erraginta

141 5209 307 5299 navibus
321 5236 392 5320 per
406 5206 556 5293 medios
572 5231 789 5320 pugnantes
808 5217 846 5292 δι
864 5208 1035 5294 secundo
1054 5233 1174 5292 vento
1192 5206 1500 5318 Peloponnesum
1522 5206 1648 5314 petiit.
1696 5216 1783 5291 An·

143 5319 280 5407 tonius
296 5315 541 5445 simulatque
557 5321 928 5431 navemCleopatrae
942 5319 1029 5404 vela
1046 5317 1275 5414 facientem,
1301 5317 1482 5402 omnium
1497 5317 1660 5413 oblitus,
1692 5345 1785 5428 pto-

142 5431 237 5515 dr'tis
252 5433 290 5510 sle
300 5427 456 5512 desertis
472 5429 543 5514 rllis
556 5433 626 5540 qui
644 5458 718 5541 pro
730 5431 814 5539 ipso
828 5432 1025 5516 certabant
1039 5453 1158 5540 atque
1176 5430 1347 5512 animam
1362 5425 1670 5539 profundebant,
1686 5456 1783 5524 con,

140 5539 296 5626 stendit
318 5543 671 5651 quinqueremem,
699 5542 919 5626 Alexandro
933 5541 1059 5656 Syro,
1088 5546 1128 5623 &
1145 5540 1285 5625 Scellio
1304 5537 1390 5624 solis
1407 5538 1643 5635 comitibus,
1669 5536 1777 5626 illam

10 5773 12 5776 Ι
140 5653 365 5737 secutusest
381 5648 606 5762 fugientem.

196 5753 407 5872 Cleopatra
421 5763 652 5870 perspiciens
674 5762 889 5846 Antonium
907 5759 1039 5845 venire
1067 5759 1218 5874 signum
1238 5760 1382 5844 sustulit
1403 5786 1452 5845 ex
1476 5759 1566 5844 navi
1585 5766 1625 5843 δε
1647 5760 1770 5844 Anto
1785 5771 1905 5846 mnis,
2046 5759 2049 5766 '
2145 5733 2148 5742 ’

137 5873 228 5956 nius
242 5871 304 5954 illa
319 5874 602 5980 exceptusesl,
629 5900 759 5984 neque
776 5872 922 5985 aspexit
936 5872 1068 5968 illam,
1095 5898 1228 5983 neque
1241 5873 1416 5980 aspeslus
1429 5868 1486 5954 est
1501 5869 1550 5952 ab
1565 5870 1648 5967 illa,
1677 5869 1767 5954 soli·

139 5983 261 6067 tarius
279 5983 423 6067 transiit
436 5985 474 6063 in
491 6009 673 6091 proram,
699 6007 818 6094 atque
835 5983 889 6066 ibi
907 5984 1047 6068 tacitus
1067 5981 1407 6096 &cogitabundus
1421 5979 1616 6077 consedit,
1639 5982 1771 6065 amba·

140 6095 217 6178 bus
230 6095 407 6178 manibus
421 6119 539 6202 caput
561 6119 724 6180 tenens:
761 6093 889 6178 Cesar
903 6115 1035 6177 autern
1049 6091 1187 6177 emisit.
1201 6089 1319 6176 claslis
1334 6093 1408 6176 suae
1422 6113 1598 6202 partem,
1632 6113 1676 6178 ut
1693 6085 1962 6186 llo-Mbssi

138 6205 297 6292 eonium
316 6213 355 6290 δι
374 6203 623 6314 Cleopatram
640 6207 917 6317 insequeretur,
927 6231 1015 6315 quae
1029 6227 1153 6316 quum
1173 6229 1241 6286 eos
1256 6202 1444 6314 consequi
1462 6228 1544 6286 non
1559 6201 1704 6314 posset,
1715 6229 1776 6288 re·

137 6316 246 6408 versa
263 6314 345 6428 ella
371 6315 588 6409 Liburnica
606 6339 735 6404 tamen
754 6315 1172 6514 quaedamZAntonin'm
1186 6313 1275 6401 sunt
1290 6311 1492 6416 assecuta,
1519 6338 1616 6426 quas
1636 6311 1777 6508 illclpc·

995 6453 1017 6511 2
1650 6451 1706 6535 PU
1733 6441 1771 6519 la
