4402 7066
365 400 447 484 182
872 385 1503 480 cuno-Pauus?

112 533 115 542 ⁴
159 501 522 704 mutusnpcpultd
540 503 578 591 ei
593 501 865 615 impunitatem
882 532 929 588 ac
946 505 1130 618 Regnum
1147 506 1340 617 integrum
1356 499 1549 618 pollicitus
1560 501 1654 590 elisi
1665 499 1881 598 Antonium
1899 513 2008 600 occi·

160 631 279 688 ⁸⁰·294·
389 624 401 702 i
433 644 500 704 et„
623 679 631 688 .
879 635 883 644 '
1142 695 1146 704 .
1257 693 1262 706 ⁸
1770 681 1777 688 .

163 746 281 808 uma.
415 727 687 825 Nihilominus
703 747 834 810 tamen
849 725 980 813 Caesar
992 726 1136 812 veritus
1156 777 1170 822 ,
1198 753 1248 837 ne
1265 727 1462 811 Antonius
1477 734 1516 811 bc
1529 726 1743 838 Cleopatra
1759 777 1780 830 ,ι
1800 735 2004 848 desperata

359 840 482 928 veniae
501 838 774 951 impetratione
788 839 827 920 in
846 834 1022 949 incoepto
1040 837 1275 949 perstarent,
1301 864 1348 920 ac
1364 839 1439 922 suis
1454 836 1598 928 viribus
1621 839 1850 942 vmcerenc,
1876 871 1944 930 aut
1962 851 2006 938 in

354 950 586 1061 Hispaniam
604 975 648 1032 ac
656 948 824 1032 Galliam
841 950 1078 1074 trajicerent,
1105 970 1173 1031 aut
1191 952 1378 1058 pecunias
1390 975 1489 1058 quas
1503 951 1708 1036 immensas
1720 955 1799 1066 esse
1811 957 2002 1054 audierat,

353 1082 696 1258 {altman
714 1055 2005 1296 shnzuzntusaunsssctuenunna

358 1311 446 1370 rans
462 1311 572 1380 earn,
600 1309 691 1394 quae
707 1279 757 1364 ab
772 1281 953 1364 omnibus
971 1279 1196 1365 hominibus
1217 1307 1338 1366 amatr
1354 1283 1524 1379 volebat,
1539 1284 1727 1370 ebaduci
1743 1289 1853 1398 posse
1861 1314 1906 1376 ut
1918 1302 2005 1376 An·

358 1396 471 1482 tonio
486 1415 626 1479 necato
643 1391 818 1503 seipsam
837 1395 877 1474 δι
892 1390 1099 1500 pecuniam
1115 1391 1351 1498 incolumem
1369 1394 1546 1478 semaam.
1604 1443 1608 1453 ·

413 1501 756 1614 ThyrsusCaesaris
773 1501 936 1586 nomine
951 1501 1082 1586 missus
1099 1523 1143 1586 ut
1159 1499 1333 1588 inslatam
1346 1502 1543 1587 mulierem
1561 1532 1606 1588 ac
1623 1507 1720 1590 rnird
1736 1507 1872 1595 sormae
1887 1514 2003 1598 caufi

224 1633 274 1676 ⁰¹²·
362 1616 552 1701 tumidam
568 1612 695 1726 posset
710 1637 883 1710 movere,
899 1613 1108 1724 prolixiore
1123 1612 1302 1698 oratione
1315 1617 1437 1724 quim
1452 1613 1515 1700 alii
1528 1640 1620 1702 curn
1638 1619 1850 1732 Cleopatra
1865 1650 2002 1738 agenn

361 1735 402 1810 dt
421 1727 533 1838 supra
553 1724 720 1809 modurn
734 1723 950 1808 honoratus
962 1725 1013 1810 ab
1029 1751 1096 1818 ea,
1125 1723 1378 1834 suspicionem
1399 1727 1521 1810 mouit
1544 1729 1744 1813 Antonio·
1758 1733 1898 1866 ltaque
1914 1763 2005 1820 cot·

360 1839 587 1948 ripuiteum
605 1833 829 1949 &flagellis
848 1831 1016 1929 cecidit,
1045 1833 1139 1918 inde
1155 1833 1301 1920 remisit
1320 1835 1372 1918 ad
1390 1835 1594 1922 Caeuoem.
1650 1840 1755 1925 Mox
1770 1814 2037 1954 quo-diluo'
2163 1897 2176 1910 .

197 2009 199 2016 ·
361 1973 421 2033 ret
442 1948 654 2058 Cleopatra
668 1948 829 2066 crimina
842 1955 885 2030 st
898 1942 1132 2058 suspiciones
1147 1945 1267 2042 illius,
1292 1945 1416 2032 coluit
1433 1949 1653 2032 Antonium
1669 1950 1854 2052 mirifice,
1879 1957 2003 2042 acdie

362 2059 436 2143 suo
447 2061 563 2145 natali
578 2055 830 2153 summisse&
846 2084 919 2166 pro
933 2054 1108 2166 prasenti
1118 2053 1292 2142 Fortuna
1309 2058 1397 2141 asto
1414 2057 1582 2143 natalem
1594 2060 1694 2144 illius
1709 2061 1861 2151 summo
1876 2065 2006 2178 splen·

189 2185 194 2194 '
363 2169 463 2253 dote
474 2177 512 2252 st
525 2166 805 2280 magnificentia
824 2165 1055 2264 celebrauit,
1075 2183 1120 2250 ιιι
1130 2167 1242 2254 multi
1258 2165 1308 2250 ad
1324 2193 1479 2253 coenam
1494 2170 1666 2267 invitati,
1685 2174 1755 2287 qui
1764 2177 2005 2263 accesserant

362 2281 504 2390 inopes
514 2335 537 2378 „
554 2278 729 2391 opulenti
746 2277 989 2362 discesserint.

77 2387 91 2428 ⁸
200 2432 228 2492 ·,
249 2477 258 2495 ‚
291 2431 317 2490 ,‚·
418 2393 578 2504 Hyeme
595 2390 778 2474 transasla
802 2389 930 2473 Caesar
948 2388 989 2470 in
1007 2389 1225 2473 Antonium
1242 2415 1312 2498 per
1327 2389 1474 2502 Syriam
1489 2397 1530 2474 st
1551 2393 1683 2478 Duces
1700 2393 1787 2500 ejtu
1806 2417 1878 2504 per
1896 2395 2001 2481 Afri·

208 2527 242 2570 00
263 2525 290 2567 ·¹
315 2548 323 2564 ·
361 2527 460 2587 cam.
517 2501 716 2588 Antonius
732 2499 893 2610 cognito
912 2499 1142 2583 Cornelium
1161 2499 1352 2598 Gallum,
1379 2523 1542 2612 acoepto
1555 2503 1689 2615 scarpi
1705 2507 1908 2604 exercitu,
1934 2507 2002 2591 su-

358 2613 445 2698 bito
466 2611 721 2696 Paratonium
750 2610 980 2721 occupasse,
1005 2609 1100 2693 illud
1115 2613 1317 2696 contendit
1338 2611 1490 2721 sperans
1504 2611 1666 2724 quidem
1689 2614 1728 2698 se
1749 2640 1814 2700 eas
1828 2619 2005 2726 copias-d

215 2761 218 2768 ·
360 2725 482 2810 Gallo
497 2722 549 2806 ad
565 2724 603 2806 se
622 2721 700 2806 stne
717 2721 796 2805 ullo
811 2721 942 2805 labore
957 2719 1244 2818 traduslurum,
1269 2721 1381 2831 (nam
1400 2723 1822 2836 benevolentiaergase
1836 2730 2005 2813 assellus

358 2858 522 2949 propter
545 2857 794 2918 communem
816 2831 989 2914 militiam
1014 2829 1203 2941 noverat)
1228 2832 1407 2917 finaliter
1428 2833 1633 2944 nequiret,
1659 2837 1698 2920 ui
1723 2840 1829 2923 cette
1846 2839 1999 2947 potitu·
2187 2917 2188 2948 p

362 2973 451 3030 rum
461 2985 477 3039 ς
504 2971 594 3028 nam
612 2942 868 3026 &navalesst
885 2939 1134 3026 terreslresco
1162 2942 1219 3026 ias
1232 2941 1361 3026 secum
1377 2941 1595 3030 adducebat
1609 2971 1788 3060 magnas,
1812 2947 1880 3033 sod
1901 2949 2003 3036 Gal.
2187 2959 2188 2994 ¹

361 3057 423 3141 lus
441 3080 560 3139 naues
576 3055 716 3164 partim
734 3052 933 3146 incendit,
991 3051 1103 3135 artim
1120 2969 1331 3137 libmersrt.
1466 3108 1493 3164 ⁸.
1920 3137 1923 3144 ,

172 3179 292 3258 tunsa
378 3169 384 3222 ·'
419 3168 529 3251 Dum
547 3166 629 3248 bac
646 3161 749 3249 fiunt
769 3162 897 3246 Caesar
909 3078 1103 3248 Pelusium
1122 3163 1161 3246 vi
1179 3217 1193 3260 ,
1230 3184 1275 3248 ut
1289 3162 1510 3262 ferebatur,
1546 3189 1589 3250 re
1605 3193 1697 3252 vera
1708 3189 1853 3254 :autem
1866 3168 2009 3282 prodi-

355 3281 472 3381 tione
489 3277 712 3387 cleopatra
733 3273 850 3384 cepit.
906 3272 1009 3358 Haec
1032 3291 1156 3381 quum
1175 3295 1297 3358 nemo
1320 3275 1515 3385 suppetias
1536 3275 2004 3376 emmeramensem

359 3387 617 3476 nullomodo
644 3383 760 3470 resisti
778 3382 887 3496 posse
908 3381 1090 3483 audiret,
1118 3412 1164 3470 ac
1178 3407 1227 3468 ex
1251 3385 1491 3470 sermonibus
1511 3387 1688 3502 Tbyrsr,
1716 3389 1888 3476 crederet
1905 3419 2004 3478 eum

353 3501 432 3588 suo
448 3519 776 3610 amorectptum,
803 3520 926 3606 quum
942 3493 1114 3604 quodid
1128 3497 1182 3580 ita
1197 3493 1275 3580 ess'e
1290 3523 1472 3608 cuperet,
1499 3521 1581 3582 tum
1601 3497 1713 3610 quod
1726 3503 1865 3586 eadent
1884 3507 2009 3588 ratio·
2188 3527 2189 3530 ‘

358 3639 413 3697 ne
432 3632 582 3720 patrem
600 3611 709 3715 ejus,
734 3635 780 3691 ac
794 3607 1013 3690 Antonium
1035 3604 1103 3690 fibi
1121 3607 1431 3716 mancipaverat,
1458 3607 1633 3720 idesque
1651 3613 1899 3696 conveniam
1917 3641 2007 3698 mo·

253 3821 257 3830 .
358 3723 416 3808 db
430 3721 526 3916 spii,
552 3721 796 3915 &ffleirpgnum
807 3715 988 3830 AEgypti,
1016 3715 1361 3804 sedRomanotum
1371 3719 1582 3831 Imperium
1593 3721 1793 3834 sperabat,
1820 3723 1946 3810 statim
1961 3727 2007 3812 α’
2188 3723 2189 3734 '

364 3834 460 3918 Pelu
492 3857 584 3916 oce
679 3853 708 3914 t.
1248 3849 1252 3856 '
1307 3873 1313 3886 ·

174 3985 292 4054 m„
425 3943 623 4028 Antonius
635 3966 759 4054 quum
774 3937 825 4022 ad
838 3941 1024 4024 nuntium
1039 3967 1177 4024 eorum
1194 3965 1282 4052 quae
1291 3938 1431 4026 Pelusii
1445 3939 1676 4040 euenissent,
1702 3943 1918 4030 Paratonio
1938 3949 2008 4033 di·'

250 4141 257 4158 ,
365 4051 540 4138 sceslislet
555 4076 645 4136 ante
665 4051 936 4138 Alexandriam
944 4052 1084 4136 Caesari
1099 4051 1257 4134 obviarn
1279 4051 1425 4149 fassus,
1448 4056 1624 4164 equitatu
1639 4081 1729 4138 eum
1746 4057 1931 4146 abitinere
1946 4062 2005 4142 fa·

365 4165 527 4274 rigatum
548 4161 749 4274 superavit
805 4160 913 4246 Hinc
927 4163 1038 4247 aussa
1061 4157 1322 4255 confidentia,
1349 4191 1395 4246 ac
1412 4189 1464 4246 eo
1477 4165 1594 4249 etiam
1619 4165 1736 4280 quod
1754 4168 1942 4273 jaculatus
1962 4175 2006 4254 in

364 4275 525 4360 Caesaris
541 4274 683 4368 castro,
710 4270 881 4370 libellos,
908 4272 995 4356 sena
1014 4272 1054 4355 in
1075 4270 1244 4382 singulos
1254 4272 1417 4357 sestertia
1431 4273 1679 4384 prornifisset,
1703 4275 1871 4388 pedestri
1884 4283 2007 4366 etiarn

320 4409 324 4418 ’
362 4388 573 4471 certamine
592 4382 844 4576 congressus,
876 4383 1094 4477 viuusest,
1121 4389 1160 4464 bt
1174 4382 1450 4468 Alexandriam
1465 4383 1620 4498 refugit.

172 4514 354 4580 ntutmsrt.
419 4495 653 4582 Conditoria
706 4493 845 4577 abebat
872 4494 1140 4606 Cleopatra&
1171 4517 1426 4580 monumenta
1447 4499 1593 4580 eximio
1623 4494 1785 4584 artificio
1808 4501 2009 4603 manua,

364 4604 574 4719 quaelsidis
588 4603 739 4716 templo
754 4603 958 4708 adjecerat.
988 4605 1101 4689 Eoex
1114 4601 1711 4717 Regiistbesaurispretiofiffima
1725 4633 2009 4719 quaquecon·

365 4715 497 4832 gessit,
523 4743 689 4809 aurum,
716 4737 941 4826 argentum,
968 4713 1250 4826 smaragdum,
1277 4716 1482 4812 unionem,
1509 4719 1701 4815 ebenum,
1726 4720 1844 4815 ebur,
1869 4722 2007 4808 cium.

364 4855 572 4914 monium:
605 4825 809 4934 postremo
833 4852 894 4908 ma
950 4853 1014 4908 am
1034 4830 1113 4908 vim
1139 4823 1327 4908 taedatum
1349 4832 1389 4909 &
1403 4827 1532 4936 stupa,
1588 4828 1712 4912 Unde
1734 4853 1915 4916 metuens
1930 4835 2009 4921 illis

364 4939 506 5053 opibus
534 4934 689 5034 Caesar,
715 4961 765 5021 ne
789 4962 855 5020 eas
909 4935 1127 5044 espondens
1151 4935 1355 5032 animum,
1378 4936 1570 5046 perderet
1594 4937 1686 5035 illa,
1713 4944 1754 5022 de
1781 4967 2012 5030 conmenta·

365 5077 457 5243 rsct,
483 5047 703 5133 ostenditei
728 5044 983 5132 affiduedum
1008 5073 1100 5130 cum
1119 5049 1288 5133 exercitu
1307 5045 1359 5131 ad
1386 5048 1519 5131 urbem
1538 5047 1769 5144 contendit,
1795 5049 2011 5164 benignam

439 5187 487 5242 m.
1948 5243 1951 5248 .

39 5321 41 5328 ‹
174 5275 264 5338 ⁹1⁰¹·
277 5291 325 5353 5¹·
387 5187 640 5381 peCleopatra
656 5267 750 5350 uero
766 5267 870 5352 cives
890 5265 1174 5384 Alexandrinos
1197 5265 1351 5352 occulte
1369 5267 1622 5380 prohibuerat
1648 5269 1784 5353 contri
1809 5271 2006 5360 Castrem
2122 5343 2127 5348 .

371 5383 509 5477 exire,
533 5404 657 5489 quum
673 5378 801 5490 palam
818 5404 895 5475 ea,
922 5402 967 5463 ut
980 5376 1082 5460 hosti
1105 5401 1382 5474 occurrerent,
1410 5378 1603 5464 cohortari
1616 5378 1813 5466 videretur
1833 5410 1845 5462 t
1867 5383 2010 5497 itaque

175 5491 502 5587 mm.mnrr.Caesar
528 5511 574 5575 ut
592 5488 770 5582 consedit
794 5488 845 5573 ad
873 5486 1089 5600 Hippodro
1129 5513 1229 5585 usn,
1265 5516 1474 5600 erumpens
1500 5489 1662 5574 munus
1700 5493 1897 5578 Antonius
1923 5525 2013 5581 cet·

368 5605 465 5688 tavit
484 5601 659 5697 strenue,
687 5621 726 5684 at
755 5626 807 5684 ue
830 5601 1046 5710 equitatum
1068 5599 1107 5681 C
1142 5599 1228 5683 saris
1242 5597 1496 5713 profligavit,
1520 5601 1770 5712 effirstimque
1787 5603 1869 5713 egit
1882 5606 2011 5716 usque

232 5756 237 5768 ·
366 5716 418 5799 ad
433 5713 563 5798 castra.
621 5711 712 5795 Hac
727 5629 850 5796 &atus
866 5709 1025 5835 visionis
1041 5709 1294 5834 ingressusuest
1317 5711 1482 5824 Regiam
1499 5717 1539 5794 st
1554 5712 1863 5836 Cleopatrarum
1884 5721 2008 5802 armis

359 5825 556 5908 osculatus
570 5822 651 5918 est,
667 5845 785 5933 atque
801 5849 893 5906 eum
940 5847 979 5904 ιιι
993 5817 1467 5917 sontsirmedrmicaverat,
1485 5820 1780 5906 commendauit
1792 5823 1865 5906 rlli:
1877 5825 2007 5912 Cleo-

361 5847 1089 6129 pattpprffliunpieicausreamioticam
1103 5939 1144 6014 &
1165 5929 1318 6046 galeam
1333 5932 1527 6021 donavit=
1554 5931 1624 6018 isle
1646 5933 1739 6016 uero
1756 5930 2011 6050 hasameptis

302 6087 307 6098 =
362 6067 550 6129 tranrrtn
615 6070 674 6127 ea
763 6067 926 6128 aeaoern.

170 6179 291 6263 assus,
417 6153 540 6240 Porro
553 6155 782 6265 provocavit
796 6153 930 6240 denuo
952 6177 1024 6280 per
1038 6151 1198 6238 nuntios
1215 6151 1412 6238 Antonius
1428 6152 1651 6250 Caesarem,
1686 6153 1850 6242 ursolus
1872 6155 2012 6246 secum·

360 6287 550 6366 certaret,
574 6265 647 6378 qui
660 6264 888 6379 respondit,
925 6288 1008 6356 uns
1026 6263 1204 6378 Antonio
1219 6264 1359 6352 mulus
1376 6287 1511 6382 patere
1525 6265 1577 6354 ad
1594 6265 1807 6354 interitum.
1863 6267 2009 6376 Quare

379 6431 386 6442 .
1905 6407 2005 6467 con,
