4490 7184
598 450 1338 549 rronsmmusrr
1696 496 1780 582 ¹,7

146 587 238 697 ejus
270 587 370 674 filius
395 582 642 672 confiliorum
669 586 827 673 suorum
853 609 989 671 contra
1022 586 1262 673 Antiochum
1289 590 1508 688 societatem
1535 619 1627 681 cum
1651 593 1777 682 Ptole·
1795 610 1976 674 Laetum.

148 701 358 785 maeoiniit.
988 783 990 787 .
1790 707 1912 750 ⁸⁰³⁰·

87 911 97 918 ,
154 894 156 901 ,
206 812 353 894 Decius
372 794 526 917 Magius
545 800 1164 936 capuaePraefeuuslegarionem
1182 807 1231 893 ad
1250 810 1576 898 Hannibalemne
1604 818 1771 902 mittere·
1794 843 1967 916 uacuae,-
2116 850 2117 858 ¹

145 948 234 1017 tur,
269 922 412 1005 summa
435 944 515 1027 ope
539 916 744 1009 restiterat,
772 916 989 1003 aboo'ideo
1002 918 1238 1030 postulatus,
1263 920 1660 1034 innavemimposrtus
1677 931 1774 1010 Car·
1896 994 1900 1003 .

144 1031 348 1145 rhaginem
360 1025 576 1123 miss'usest;
603 1026 819 1109 sednavem
835 1028 1011 1137 Cyrenas
1028 1029 1166 1113 detulit
1180 1031 1598 1142 tempestasribiquum
1618 1039 1781 1149 Magius

145 1143 202 1227 ad
215 1152 389 1227 Statuam
402 1133 855 1248 Ptolemaeiconfugilset,
882 1135 1169 1248 deportatusest
1178 1141 1480 1238 Alexandriam,
1507 1146 1774 1258 &postquam

145 1254 408 1338 Ptolemaeum
425 1247 580 1340 docuit,
609 1250 820 1351 contraius
839 1243 996 1332 foederis
1010 1248 1191 1358 junsium
1209 1251 1248 1335 se
1262 1253 1312 1336 ab
1342 1253 1585 1349 Hannibale,
1611 1257 1776 1341 vinculis

11 1391 19 1408 ·
146 1365 333 1449 liberatus
347 1359 425 1452 est,
451 1354 753 1468 permissumque
769 1376 813 1438 ut
828 1358 990 1453 rediret,
1017 1358 1082 1445 seu
1101 1360 1298 1458 Romam,
1327 1361 1391 1446 seu
1409 1365 1588 1473 Capuam
1607 1363 1775 1451 stellet..

32 1524 33 1527 κ
148 1474 314 1586 Magius
342 1493 473 1554 autem
495 1494 619 1581 quum
648 1468 828 1582 Capuam
852 1492 926 1551 nec
943 1467 1008 1551 srbi
1025 1488 1148 1554 tutam
1167 1470 1333 1568 diceret,
1360 1481 1400 1557 bt
1415 1474 1587 1558 Romam
1606 1499 1776 1561 cotem·

208 1590 287 1678 re,
301 1577 1282 1693 quointerRomanos‘Campanbsquebellumelse,
1310 1583 1514 1694 transfuga
1524 1587 1773 1698 magisquam

182 1694 315 1804 ospitis
339 1687 423 1773 fore
446 1687 687 1773 domicilium
712 1739 725 1784 ,
753 1687 865 1770 malle
890 1689 930 1771 in
950 1715 1075 1802 regno
1097 1688 1263 1790 virere,
1283 1718 1406 1802 quem
1432 1694 1626 1791 vindicem
1649 1707 1769 1812 atque
1798 1739 1802 1746 ·
1894 1728 1907 1774 1

151 1829 330 1891 autorem
351 1800 511 1885 baberet
532 1798 728 1884 libertatis.
1040 1863 1042 1866 <

211 1909 432 1999 Antiochus
470 1908 679 2020 provinciis
727 1907 855 2022 Regni
900 1906 956 1993 sui
999 1906 1256 2018 superioribus
1290 1913 1451 1998 tandem
1486 1917 1675 2027 pacatis,
1718 1947 1768 2002 an
1782 1908 1877 2000 ¹³8³&
1894 1929 1957 1995 ¹0⁹·

147 2026 364 2111 Ptolemaeo
383 2026 399 2102 ἓ
422 2047 470 2102 an
498 2019 645 2102 Achaeo
664 2018 805 2102 bellum
831 2016 991 2103 inferret
1007 2016 1172 2119 dubius,
1200 2020 1408 2106 Seleuciam
1424 2022 1474 2107 ad
1489 2027 1653 2111 Orontis
1673 1987 1934 2142 ostiaiillbise

151 2137 266 2220 fitam
293 2129 578 2260 Apollophanis
602 2128 753 2213 Medici
780 2129 836 2213 sui
857 2127 1021 2213 consilio
1034 2157 1262 2241 recuperare
1275 2132 1507 2257 aggreditur.
1561 2136 1662 2219 Haec
1677 2141 1770 2225 urbs

149 2246 320 2357 AEgyptr
338 2238 522 2352 praesidiis
540 2238 775 2325 tenebaturh
794 2263 970 2351 tempore
982 2266 1066 2349 quo
1075 2241 1281 2354 Euergetes
1289 2269 1330 2326 tn
1348 2243 1497 2355 Syriam
1514 2246 1699 2334 Berenice
1706 2251 1768 2334 so·
1783 2248 1824 2315 1⁶¹·
1835 2245 1903 2309 llll·

151 2359 234 2443 toti
247 2353 434 2438 auxilium
448 2351 593 2435 laturus
608 2350 702 2432 citm
717 2350 886 2435 exercitu
902 2371 1067 2434 venerat

129 2477 132 2491 '
209 2462 421 2549 Seleuciam
437 2462 551 2544 armis
564 2484 719 2569 captam
735 2459 939 2544 ordinabat
956 2448 1202 2556 Antiochus,
1225 2459 1351 2574 quiam
1369 2464 1422 2547 illi
1450 2467 1472 2549 a
1492 2464 1712 2552 Theodoto
1726 2467 1770 2554 li·

151 2572 487 2666 reraeaffetuntur,
514 2570 660 2682 quibus·
671 2598 715 2653 ro
742 2572 876 2654 abatur
893 2590 937 2653 ut
956 2569 1208 2658 contenderet
1230 2577 1518 2683 quamprimirm
1535 2579 1577 2659 in
1593 2577 1768 2689 Coelcsy·

149 2689 251 2775 riam
276 2680 534 2797 fignificabat,
560 2707 681 2792 quam
703 2597 878 2767 {totam
893 2679 1206 2790 ipsttraditurum
1221 2681 1416 2772 scribebat
1476 2686 1556 2771 Hic
1572 2686 1767 2774 Theodo-

152 2825 219 2885 tus
238 2820 381 2921 genere
404 2791 562 2876 AEtolus
586 2816 686 2889 erat,
715 2789 786 2901 qui
810 2791 980 2876 maximo
1006 2789 1177 2901 persepe
1201 2790 1283 2875 usui
1309 2804 1438 2902 quum
1459 2794 1587 2882 fuisset
1602 2795 1770 2910 AEgypti

151 2907 355 3020 Regibus,
383 2902 484 2987 adeo
499 2901 740 3012 condignum
758 2901 901 2987 meritis
916 2903 1117 3012 premium
1132 2901 1278 2990 nullutn
1299 2906 1501 3003 retulerat,
1528 2929 1571 2991 ut
1586 2907 1700 2990 etiarn
1716 2909 1772 2994 de

148 3023 192 3216 1⁹³
193 3009 1456 3210 lhhllhlslssl‘{shllrzrl'ltrshinhl‘lh‘0
1467 3018 1718 3212 slsis?
1719 3017 1772 3102 ‘¹‘
1861 3143 1865 3145 ε

146 3161 191 3326 di
208 3239 307 3322 illius
322 3234 417 3318 aulae
435 3151 667 3346 proceribui
678 3174 825 3316 diffisris
837 3260 908 3342 per
924 3231 964 3337 se
984 3230 1269 3356 Ptolemaidem
1284 3151 1603 3346 pirtmeitblirm
1614 3156 1771 3349 syritii

150 3366 416 3460 occupaverat.
470 3346 587 3427 Tunc
604 3342 720 3456 igitur
736 3343 954 3428 Antiochus
966 3340 1216 3467 expeditione
1230 3343 1605 3432 adsersusAchaeum
1612 3352 1653 3432 in
1662 3348 1767 3447 aliud

147 3452 1767 3678 “lhllrshsrlzhhl‘ihhsmlllrl‘ss‘ztbstffmtrss't‘ffi‘⁶¹³·
1781 3461 1883 3537 n„
1958 3491 1966 3531 ⁸

1434 3607 1454 3662 5
1537 3596 1586 3652 00
1621 3595 1691 3654 um
1748 3599 1767 3639 ·”

152 3709 247 3770 nere
266 3679 382 3765 etiam
405 3674 584 3761 AEtolum
612 3679 763 3757 Ducem
791 3673 901 3758 suum
960 3673 999 3756 ui
1014 3671 1233 3759 bellicarum
1247 3595 1776 3774 remmusu&audaciai1b·

151 3792 250 3879 mini
264 3786 445 3913 cedebat:
470 3787 522 3871 ad
538 3782 823 3870 Ptolemaidem
840 3701 1226 3911 obsidendammihm
1252 3811 1335 3896 quo
1351 3786 1528 3900 Cognito
1537 3783 1777 3888 Antiochus,

150 3903 281 3993 relisis
297 3925 404 4015 grati
420 3917 635 3992 armatura,
661 3893 837 4006 datbque
853 3896 1031 3980 Ducibus
1045 3918 1230 4008 negotio,
1258 3897 1772 3984 utBrocchosCastellumin

143 4014 240 4211 rr
264 4012 401 4206 ,ng
416 4003 1365 4204 btrslz‘lfrrlnhlrrtzatm
1379 4007 1571 4121 “rb
1586 4008 1773 4097 rubr

152 4156 176 4211 a
221 4149 372 4209 exrmen
402 4149 467 4205 am
484 4148 512 4204 0
1261 4179 1270 4200 .

141 4276 147 4284 ·
208 4233 401 4321 Nicolaus
416 4230 485 4342 qui
500 4225 743 4315 Antiochum
758 4209 986 4323 adventare,
1014 4223 1117 4308 fama
1133 4226 1356 4326 nuntiante,
1379 4228 1460 4335 jam
1468 4228 1558 4313 ante
1569 4228 1769 4333 didicerat,
1783 4237 1855 4302 nrt.

151 4346 272 4433 eastra
288 4366 439 4428 movet:
465 4371 512 4426 ac
530 4340 722 4452 Lagorarn
735 4333 966 4424 Cretensem
983 4361 1073 4419 cum
1090 4334 1317 4446 Dorymene
1342 4338 1482 4425 AEtolo
1501 4341 1552 4424 ad
1576 4364 1772 4451 occupan-
1935 4400 1943 4413 .

151 4454 365 4545 dassauces'
373 4455 502 4564 prope
510 4447 829 4560 Berytummittit.
854 4445 1117 4532 Inhos'statim
1127 4449 1260 4556 copias
1268 4446 1384 4532 duxit
1395 4450 1629 4548 Antiochus,
1637 4479 1775 4538 manus

152 4565 342 4661 conserit,
369 4587 476 4686 terga
497 4581 645 4646 vertere
663 4557 793 4642 hostes
806 4557 916 4668 cogit
932 4564 972 4642 δι
991 4582 1085 4640 mort
1099 4554 1245 4665 inipsrs
1260 4555 1438 4642 faucibus
1455 4561 1765 4659 castrametatur,
1838 4583 1883 4645 ὕ
2052 4646 2053 4650 a

153 4680 221 4765 Eo
243 4676 319 4762 loci
343 4678 467 4783 copiis
487 4669 624 4755 ceteris
637 4669 804 4779 acceptis
826 4692 917 4751 cum
932 4664 1107 4751 universo
1121 4668 1290 4752 exercitu
1304 4670 1361 4754 irc
1375 4672 1574 4780 pergebat
1630 4670 1771 4780 Qum

151 4789 208 4875 illi
221 4787 377 4871 obviam
391 4780 651 4894 processerunt
664 4775 903 4863 Theodotus
922 4781 962 4859 δι
976 4771 1197 4861 Panaetolus
1214 4779 1347 4864 amicis
1362 4777 1640 4874 suiscomitati,
1670 4808 1773 4890 quos

152 4923 293 4985 omnes
309 4920 432 5005 quum
447 4891 615 5017 benigne
630 4887 848 4973 Antiochus
861 4885 1101 4999 appellasset,
1127 4887 1278 4997 Tyrum
1297 4887 1769 4976 &Ptolemaidemillitra-
1857 4957 1860 4964 .

155 5007 340 5097 diderunt
348 5031 437 5089 cum
446 5000 882 5113 omnibusappatatibus
889 4997 1007 5109 quiin
1023 4996 1180 5108 oppidis
1198 4997 1269 5084 illis
1281 5022 1414 5092 erant..

210 5112 445 5204 Ptolemaeus
459 5114 616 5199 interim
634 5109 859 5220 Memphim
883 5107 1021 5193 urbem
1047 5105 1280 5192 concesserat
1303 5161 1317 5205 ,
1344 5109 1482 5215 copias
1507 5108 1592 5216 ejus
1615 5103 1767 5196 Pelusio
1780 5113 1852 5175 lhil-

155 5235 268 5316 eram
291 5247 544 5338 congregata.
595 5219 723 5305 Nilia
776 5245 859 5303 eres
882 5214 1048 5314 recluli,
1082 5242 1222 5301 omnes
1246 5245 1358 5330 aquae
1378 5220 1504 5304 dulcis
1525 5218 1769 5332 scaturigines

154 5342 325 5434 obrutae,
352 5331 732 5448 quodquumaccepi
761 5353 801 5415 et
810 5326 1057 5422 Antiochus,
1083 5327 1307 5412 sententiam
1316 5327 1543 5414 deexercitu
1559 5329 1688 5415 versus
1697 5328 1772 5416 Pe·

155 5449 295 5535 lufium
310 5446 534 5532 ducendum
547 5443 721 5527 mutavit.
775 5439 900 5525 Porro
920 5437 1149 5522 Ptolemaeus
1168 5437 1417 5537 subveniendi
1433 5441 1549 5525 rebus
1563 5439 1637 5523 suis
1653 5447 1699 5524 bo
1711 5469 1773 5525 ac·

154 5559 323 5648 cedendi
345 5557 510 5667 propiirs
533 5553 584 5640 ad
599 5551 777 5645 hostem,
804 5547 899 5635 licut
916 5570 1082 5658 parerat
1104 5546 1229 5659 ipsum
1255 5546 1415 5646 facere,
1450 5548 1647 5634 manifesta
1667 5551 1772 5634 enim

228 5668 319 5753 sidia
332 5667 573 5778 appetitum,
597 5660 859 5747 ncconsrllum
867 5656 1029 5772 quidem
1037 5658 1294 5748 auttarionem
1302 5657 1419 5742 ullam
1427 5687 1505 5772 prae
1516 5658 1690 5744 socordia
1698 5659 1775 5743 ini·

154 5699 248 5868 biis
276 5773 863 5890 usqueadeoreimilitariscura,
889 5769 1486 5878 atqueexercitatioomnisabeo
1501 5769 1626 5855 sumat
1640 5768 1773 5875 spreta

212 5889 543 6016 Quodreliquum
558 5884 659 5983 suit,
689 5877 1276 5996 Agathocles&Sofibiuspenes
1291 5879 1684 5991 quorsummacratR
1762 5879 1776 5961 i
1942 5920 1949 5931 =

155 6024 365 6098 autoritas,
391 5997 502 6110 quod
517 5988 1157 6106 optimumpoterantinpraesentia
1174 5986 1377 6074 confilium
1395 5993 1574 6102 capiunt,
1600 6004 1692 6072 nam
1734 6015 1776 6075 e·

157 6135 323 6200 cernunt
338 6104 665 6221 inpraeparatio'ne
682 6104 769 6188 belli
792 6125 953 6212 operam
970 6100 1038 6185 srbi
1053 6100 1227 6213 gnaviter
1243 6097 1320 6183 else
1332 6104 1561 6213 ponendam
1582 6140 1593 6185 ι
1619 6101 1775 6186 interim

155 6221 256 6330 vero
267 6223 434 6334 Legatos
449 6219 499 6303 ad
519 6218 760 6308 Antiochum
776 6210 1020 6306 mittendos,
1046 6211 1117 6318 qui
1130 6211 1319 6319 impetum
1345 6208 1465 6318 ipsius
1486 6212 1690 6309 relaxent,
1721 6210 1777 6295 ita

158 6335 332 6448 denique
347 6328 479 6419 omnia
494 6327 716 6442 inspeciem
730 6323 808 6412 esse
822 6319 1112 6521 οοωρπαηιῗε,
1138 6341 1183 6409 ut
1195 6320 1476 6415 Antiochusiu
1489 6348 1666 6439 taquam
1679 6322 1774 6518 agge

1680 6460 1704 6519 c
1757 6470 1777 6495 a

1884 693 2081 759 3«.
