4522 7070
484 447 487 456 .
685 377 1370 484 PTOLEMAEUSll.
1781 413 1894 492 29¹
1995 447 1998 450 -

217 489 326 578 enim
348 487 399 575 ad
421 487 561 574 sororis
586 485 711 587 lilios,
743 519 915 602 quorum
942 494 1127 604 Regnum
1151 510 1436 605 occupaverat,
1468 492 1589 604 quim
1615 497 1835 583 concordiae
1847 556 2043 620 mm·

213 600 355 688 fraude
375 600 584 712 pervenite,
599 628 680 685 non
707 624 889 712 poterat,
923 599 992 685 sed
1008 627 1102 687 nota
1124 603 1301 692 scelerata
1321 603 1494 688 Cerauni
1516 603 1693 692 voluntas
1710 605 1833 695 sotori
1843 652 1946 712 msa.
2051 619 2052 622 ‘

217 736 321 826 erat,
365 714 505 823 ltaque
527 736 610 796 non
637 713 810 798 credenti
832 711 1016 810 mandat,
1044 709 1195 799 vellese
1213 740 1303 798 cum
1319 712 1405 798 filiis
1425 714 1510 823 ejus
1527 716 1659 830 Regni
1672 721 1830 806 consor·

214 828 317 914 tium
332 823 519 937 jungere,
545 848 636 907 cum
650 823 792 934 quibus
807 849 889 907 non
906 821 999 906 ideo
1017 822 1056 907 se
1071 823 1185 910 armis
1201 823 1461 920 contendille,
1496 829 1683 937 quoniam
1708 832 1832 943 eripe·

60 968 63 976 ·
207 964 254 1022 re
268 935 556 1059 hisRegnusr,
582 933 649 1016 led
664 933 775 1044 quod
790 930 835 1017 id
850 932 975 1020 facere
989 933 1048 1017 lui
1063 935 1235 1019 muneris
1249 933 1373 1020 vellet.
1427 934 1477 1018 In
1493 933 1574 1022 hoc
1591 938 1761 1025 mitterer
1773 969 1833 1026 ar·

211 1047 370 1132 bitrium
374 1041 648 1152 jurisjurandi,
676 1069 761 1156 quo
768 1043 1066 1158 presenteapud
1077 1045 1336 1160 Dcospatrios
1343 1098 1358 1144 ,
1383 1044 1528 1156 quibus
1536 1046 1833 1138 velletobsccra·

212 1157 388 1266 tionibus
402 1153 441 1238 le
455 1152 658 1268 obligaret.

185 1261 191 1272 “
266 1261 596 1354 IncertaArfinoe
632 1261 860 1378 uidageret=
886 1263 1118 1362 srrnitteret,
1143 1265 1473 1380 decipiperjmio,
1500 1264 1620 1358 finon
1636 1269 1946 1382 mittetetfflffl

209 1403 426 1493 provocare
442 1374 586 1460 rabiem
600 1291 780 1502 decerna
791 1374 1200 1464 crudelitatistimebac
1253 1377 1486 1503 ltaqueplus
1496 1376 1752 1506 liberisoqudm
1760 1383 1831 1470 sabi
1891 1395 1895 1401 '
1947 1353 1960 1385 ’

210 1512 548 1688 renat
561 1485 1827 1708 munausimultationem·

208 1713 409 1808 (redonum
417 1707 648 1820 Religionis,
664 1705 959 1794 Ceraunussum
990 1628 1824 1826 tisinmanusaltaribtissso’nringensiplali-

208 1817 937 1929 mulacra&pulvinariaDeorum,inau
983 1820 1045 1916 tis,
1064 1817 1595 1932 ultimisqucexecrationibus
1603 1825 1764 1930 adjurat,
1780 1824 1822 1912 se.

209 1935 356 2044 fincera
364 1929 441 2015 fide
449 1927 737 2014 matrimonium
747 1929 886 2016 sororis
896 1953 1043 2041 petere,
1057 1934 1450 2042 nuncupaturtimque
1458 1932 1591 2018 secam
1602 1935 1821 2052 Reginam,

210 2039 1120 2239 ”m‘inffsftffffiirmffiffiuffi'
1145 2042 1318 2236 affl}
1332 2045 1453 2234 goim
1470 2041 1569 2128 lilios
1580 2042 1688 2152 ejus,
1715 2045 1825 2130 habi-

207 2179 608 2377 cndii'onduitut,ncujldg
621 2178 748 2386 silurus
762 2267 802 2344 ἃ
818 2177 1057 2349 lrplindidntes
1070 2205 1196 2360 oduli,
1218 2181 1343 2457 perum
1362 2261 1480 2348 fidem
1499 2291 1583 2354 non
1609 2265 1823 2367 minorem,

205 2378 328 2488 quim
331 2371 602 2486 jusjurandum
613 2393 904 2483 promitterent,
929 2373 1157 2460 reclamante
1165 2375 1241 2460 Pto
1255 2399 1378 2459 emaeo
1386 2369 1647 2462 filiofraudem
1655 2377 1825 2478 subelle,

207 2482 824 2587 inmarrimoniilratrisconcedit.
1254 2491 1257 2498 '

86 2607 91 2620 “
208 2671 214 2676 .
266 2595 433 2709 Nuptiae
444 2617 780 2708 magnoappararu
792 2647 807 2690 ,
825 2595 1033 2710 laticisque
1041 2598 1217 2682 omnium
1232 2593 1480 2690 celebrantur,
1507 2595 1575 2680 Ad
1595 2601 1825 2690 concionem
1839 2603 1881 2664 rt.
1895 2606 1992 2682 ‘uel

208 2706 724 2822 quoquevocatocxctcitu,
749 2703 1827 2823 capitisororisdiademaimponirReginimqueeamap·

206 2813 1831 2936 pellathnomincinlaetitiameffusaAtsrnoe,lquiaquodmortebysrmachiprio·

206 2925 793 3036 rismaritiamilerat,reccpisset:
802 2927 904 3012 ultrb
916 2929 1088 3013 virumin
1100 2927 1237 3014 urbem
1245 2927 1349 3011 suam
1360 2927 1516 3024 invitat,
1533 2928 1644 3038 cujus
1655 2931 1832 3017 urbiscu-

206 3035 492 3156 piditateltaus
503 3037 723 3122 struebatur.
767 3034 968 3152 Praegrella
978 3039 1249 3150 igiturvirum,
1282 3036 1385 3120 diem
1397 3033 1832 3128 fcllumurbiinadveo·
1926 3140 1929 3146 ,

206 3148 548 3264 rumejusindicit:
572 3147 737 3240 domos,
767 3151 932 3260 templa,
958 3147 1304 3258 emerdqueomnia
1312 3147 1489 3233 cromati
1497 3147 1628 3255 jubet:
1653 3177 1736 3236 aras
1747 3154 1832 3238 ubi·

206 3271 315 3374 que,
347 3259 489 3345 hostias
504 3257 679 3368 disponi,
716 3254 892 3368 filiosque
915 3285 1080 3370 quoque
1099 3257 1208 3354 suos,
1236 3255 1509 3367 Lysrmacbum
1524 3256 1688 3344 sedecim
1703 3289 1829 3374 annos

110 3473 115 3486 α
204 3397 366 3469 narum,
400 3367 625 3480 Philippum
640 3367 805 3455 trictmio
823 3368 1036 3464 minorem,
1062 3387 1274 3478 utrumque
1292 3364 1416 3451 forma
1427 3364 1637 3478 insignem,
1662 3399 1830 3461 corona-

203 3506 492 3684 mur
505 3474 1377 3676 alemannicae
1621 3482 1826 3629 n.
1891 3485 1902 3596 τ
1983 3561 1984 3566 Ν

211 3781 216 3790 .
263 3704 349 3792 Ubi
371 3704 465 3789 verb
480 3699 531 3787 ad
546 3725 698 3813 portam
715 3723 876 3786 ventunr
891 3618 967 3797 eir,
992 3698 1175 3810 occupari
1191 3723 1320 3787 arcem
1331 3617 1465 3808 jubet,
1490 3725 1633 3811 pueros
1647 3699 1963 3794 interficimus
1979 3719 1985 3732 ·
2000 3713 2021 3810 ᾖ

182 3817 291 3922 ¹Qui
309 3817 399 3902 crim
417 3813 468 3896 ad
484 3834 647 3920 matrem
661 3811 940 3924 confugiffent,
977 3808 1018 3893 in
1036 3809 1186 3922 gremio
1198 3808 1305 3918 ejus,
1339 3811 1439 3895 inter
1455 3807 1533 3919 ipo
1550 3811 1678 3896 oscula
1702 3817 1823 3902 truci.

200 3930 354 4016 dantur.
409 3921 674 4008 Proclamante
695 3921 879 4020 Arsinoe,
905 3919 1022 4034 qubd
1036 3942 1188 4005 tantum
1206 3916 1314 4006 nefas
1329 3943 1398 4006 aut
1410 3916 1621 4019 nubendo,
1647 3947 1714 4008 aut
1730 3928 1822 4038 post

201 4038 360 4150 nuptias
378 4033 639 4129 contraxillet,
666 4060 740 4146 pro
757 4030 843 4116 filiis
861 4032 961 4142 sape
980 4032 1018 4115 sc
1036 4029 1315 4142 percussoribus
1324 4032 1482 4116 obtulit:
1508 4029 1825 4142 frequentcrcor·

260 4175 303 4232 re
320 4148 417 4241 suo,
442 4169 657 4255 puerorum
671 4171 836 4253 corpora
850 4143 1027 4253 amplexa
1043 4143 1231 4258 protegit,
1246 4140 1496 4252 -vulnerltque
1505 4143 1706 4252 excipere,
1733 4169 1827 4256 quae*

199 4179 330 4346 ffiene
346 4255 664 4351 intendebantur,
683 4251 826 4339 voluit.
882 4253 949 4338 Ad
963 4252 1197 4367 postremum
1215 4252 1334 4336 etiam
1350 4251 1507 4358 spoliata
1519 4249 1824 4346 funeribuslilio·

199 4398 310 4466 rum,
336 4363 440 4450 sciss‘a
456 4363 582 4460 veste,
606 4372 648 4448 dt
662 4363 828 4448 crinibus
841 4362 997 4475 sparsas,
1023 4388 1114 4448 cum
1129 4360 1285 4447 duobus
1302 4359 1456 4445 servulis
1482 4387 1532 4444 ex
1556 4363 1651 4446 urbe
1668 4372 1822 4474 protrass

201 4483 287 4576 ua,
301 4475 615 4670 ¹Samothraciam
639 4477 679 4558 in
703 4473 859 4559 exilium
878 4473 995 4571 abiit,
1027 4473 1079 4558 ed
1102 4472 1292 4568 miserior,
1319 4471 1436 4583 quod
1451 4471 1551 4554 mori
1567 4473 1762 4560 cunaliliis
1780 4477 1819 4562 ci

201 4619 285 4676 non
316 4611 418 4672 rcurt.
1100 4637 1104 4643 ·
1561 4651 1565 4658 Δ

214 4777 220 4784 .
256 4695 357 4784 Haec
380 4698 565 4783 Cetaurm
577 4694 698 4780 inulta
713 4721 795 4779 non
810 4691 976 4780 fuerunt.
1029 4692 1195 4806 Qippe
1211 4690 1297 4776 Diis
1314 4691 1593 4778 immortalibus
1607 4713 1667 4778 tot
1682 4695 1812 4805 perju-
1887 4691 1956 4757 ·4²·'

200 4815 257 4898 ria
276 4817 316 4893 dc
334 4834 416 4894 tam
430 4829 586 4890 cruenta
602 4803 800 4918 parricidia
818 4803 1112 4890 vindicantibus.
1167 4801 1270 4884 Galli
1284 4823 1437 4900 autem,
1464 4805 1565 4888 duce
1580 4803 1737 4916 Belgio,
1764 4807 1815 4892 ad
1828 4757 2014 4968 Ziffl'ssp

196 4921 406 5009 tentandos
441 4913 708 5000 Macedonum
740 4921 912 5012 animos,
951 4914 1119 5024 Legatos
1153 4911 1206 4995 ad
1230 4911 1458 5036 Ceraunum
1493 4915 1674 5012 mittunt,
1711 4917 1810 5002 offe·
1863 4929 1942 4972 Μ·

195 5021 881 5248 ..lanata
901 5021 1468 5218 blitmarus
1489 5005 1919 5260 berseleel
1938 5007 2005 5068 ⁰⁹*

194 5255 297 5338 inter
310 5251 456 5336 amicos
465 5247 644 5356 jactavit,
669 5244 827 5330 aliterse
891 5269 980 5331 cem
996 5243 1176 5336 daturum
1197 5241 1400 5352 negando,
1428 5242 1497 5329 nili
1514 5243 1712 5356 Principes
1726 5245 1817 5334 suos

194 5361 352 5448 obfides
375 5356 576 5453 dederint,
600 5361 641 5439 dt
655 5381 761 5440 arma
778 5381 835 5442 tra
865 5355 873 5370 '
905 5356 1024 5453 erint,
1050 5353 1254 5439 nonenim
1272 5349 1468 5452 lidemle,
1493 5353 1564 5438 nist
1579 5355 1816 5458 inermibus,

195 5473 433 5558 habiturum.

250 5578 498 5686 Renunciata
511 5571 726 5688 legatione,
759 5573 872 5682 risere
887 5573 1013 5672 Galli,
1048 5568 1223 5684 undique
1240 5573 1519 5670 acclamantes,
1549 5573 1660 5659 brevi
1688 5573 1814 5662 sensu-
1830 5593 1948 5658 truta

195 5719 305 5790 rum,
342 5689 410 5775 libi
432 5713 482 5772 an
501 5687 557 5770 illi
582 5685 845 5782 consulentes,
880 5712 1019 5799 pacem
1046 5684 1268 5768 obtulerint.
1319 5681 1534 5792 Interjeffis
1558 5683 1709 5796 aliquot
1732 5686 1817 5770 die·

194 5804 293 5900 bus,
321 5797 497 5910 ptaelium
509 5796 742 5897 conseritur,
770 5795 944 5908 sistique
970 5792 1214 5880 Macedones
1231 5792 1441 5879 caedunrur.
1498 5795 1703 5880 Ceraunus
1721 5797 1821 5880 mul·

194 5914 247 5998 tis
285 5909 507 5996 vulneribru
542 5904 691 5992 saucius
716 5910 903 6034 capitur,
936 5928 1054 6017 caput
1079 5902 1169 6012 ejus¹
1182 5925 1425 6014 amputatum
1455 5909 1496 5986 δι
1521 5901 1653 5987 lancea
1678 5905 1820 6007 fixum,

192 6045 280 6106 rota
306 6019 390 6104 acie
408 6017 463 6102 ad¹
477 6040 660 6103 terrorem
673 6014 844 6102 bostrum
859 6013 1136 6102 circumfertur.
1190 6013 1340 6118 Paucos
1358 6041 1408 6098 err
1427 6012 1712 6110 Macedonibus
1727 6015 1821 6132 fuga

190 6131 368 6218 servavit.
421 6129 554 6215 Ceteri
570 6152 636 6216 aut
650 6129 776 6244 capti,
801 6150 869 6220 aut
887 6125 1025 6230 occili,
1049 6121 1820 6238 postquamregnallcthrpunusannum

187 6248 232 6336 lt
250 6238 607 6356 quirrquemenscs.

392 6435 405 6444 ..
1212 6343 1305 6476 D·3
1729 6337 1820 6442 Me·
1979 6377 2008 6440 a

1350 2153 1479 2252 oluta,
1504 2153 1585 2264 ipsa
1599 2182 1687 2268 cum
1708 2155 1824 2244 fratre
