4522 7070
674 347 1345 444 PTOLEMAEUSIJ
1768 395 1798 472 9

179 470 339 562 rurestri
362 467 453 554 illuc
474 464 643 591 exercitu
672 471 822 567 mittier
855 471 1005 576 classem
1021 476 1206 576 ¹etiamin
1233 473 1585 585 subddium,·btlli,
1610 479 1802 598 Epaeneto
1825 537 2008 604 Mum,

174 591 370 697 pratore‚
404 579 577 689 expedit.
634 581 731 692 Agis
754 582 888 692 itaque
911 584 1054 688 bellum
1078 585 1257 672 adversus
1271 586 1489 700 deledtores
1505 589 1659 682 strenue
1674 600 1800 708 perse·
1826 633 1862 676 an
1881 633 1925 678 ιο.

175 720 300 805 quens
316 692 452 776 urbem
473 691 514 773 vi
532 687 696 801 subigit,
722 692 957 804 autoresque
972 693 1202 804 defeliionjs
1218 697 1257 780 in
1285 698 1436 786 vincula
1450 706 1691 814 ,compastos
1709 709 1803 794 Ale·
1841 731 1843 736 ’
1902 703 1908 718 ’

104 903 113 917 ,
173 803 369 914 sandriam
390 800 531 895 mittit,
560 798 696 884 ceteris
710 803 806 885 verti
825 829 929 888 arma
939 804 1108 906 demit„
1137 805 1421 896 Hincciritatis
1440 811 1553 898 rebus
1561 843 1686 930 prout
1696 823 1803 904 com'·
1928 902 1933 912 .

175 913 336 1000 modum
352 912 390 996 ei
405 909 610 997 videbatur
623 911 842 997 constitutis
857 916 897 998 in
914 912 1136 1028 AEgyptum
1150 916 1261 1003 redit.
1384 917 1388 926 '
1953 979 1962 1000 .

232 1023 463 1110 Prolemaeus
480 1046 639 1114 autem,
666 1021 733 1105 ubi
748 1013 923 1133 Cyrenes
946 1028 1148 1138 negotium
1166 1030 1331 1114 examini
1347 1026 1534 1120 sententia
1557 1026 1801 1139 succelierat,
1818 1051 1939 1118 inibis

178 1137 218 1222 in
237 1136 417 1245 Cyprum
433 1128 612 1216 adversus
630 1130 763 1244 Reges
777 1133 982 1247 imperium
1001 1137 1256 1242 denediantes
1269 1168 1317 1224 ex
1331 1140 1510 1256 AE'gyp'to
1526 1143 1615 1232 cum
1630 1152 1801 1236 exercitu

176 1245 417 1442 333333
432 1240 1295 1471 Ρ33333333,3333’33333033έὲ333
1342 1253 1659 1474 ,ildiris
1679 1261 1799 1457 imis*

174 1465 406 1555 alienatione
416 1462 638 1574 lulpeelum
662 1467 968 1576 comprehendit
1008 1464 1239 1554 ,Stafiaecum
1257 1496 1438 1584 praterea
1462 1477 1583 1587 cepit
1662 1479 1689 1564 li
1712 1481 1794 1568 Re·
1879 1561 1883 1576 ,
2035 1565 2040 1574 .

174 1577 329 1693 guium,
355 1571 566 1684 eversisque
583 1571 834 1678 orbeincolas
849 1578 1011 1689 Paphon
1028 1577 1224 1684 manliulir.
1261 1581 1438 1696 Qibus
1453 1587 1637 1696 petallis,
1665 1589 1791 1676 Nico·

173 1710 371 1775 creontem
393 1687 532 1797 Cypro
545 1683 687 1768 ducem
700 1686 884 1796 imposuit
901 1727 927 1785 r.
943 1687 1130 1800 urbesque
1153 1719 1199 1774 ac
1224 1689 1370 1778 reditus
1398 1694 1612 1800 ejeliorum
1630 1701 1788 1812 Regum

172 1798 418 1884 iliattribuit.
445 1793 531 1904 lpse
546 1819 635 1878 cum
650 1799 819 1882 exercitu
832 1799 874 1882 in
888 1797 1163 1910 superior-ems
1190 1799 1282 1910 riam
1293 1801 1531 1892 nannenus
1538 1861 1552 1904 ,
1578 1808 1788 1899 Posideum

171 1909 411 2016 &Potamos
430 1905 689 2014 Carumexpu
718 1931 827 1993 natas
839 1909 1018 2018 diripuit,
1045 1935 1144 2022 expe
1175 1907 1312 2022 itdque
1324 1913 1436 2000 cursu
1453 1915 1498 1998 in
1514 1915 1686 2006 Ciliciam
1697 1950 1789 2034 pro-

169 2021 301 2105 velius
314 2017 483 2102 Mallum
499 2016 602 2127 cepit
620 2023 662 2097 &
705 2017 936 2127 eprehenlos
952 2020 993 2105 in
1003 2019 1097 2104 urbe
1114 2025 1182 2107 sub
1198 2019 1302 2132 halla
1316 2023 1503 2112 vendidit.
1558 2021 1786 2118 Finitimam

168 2129 317 2242 insuper
345 2129 543 2242 regionem
567 2124 806 2224 devastarit,
832 2135 873 2212 bt
886 2128 1012 2215 ditato
1024 2129 1293 2218 emolumentis
1312 2135 1513 2232 exercitu,
1547 2136 1785 2254 anyprum

166 2240 427 2352 renavigavit:
459 2237 685 2322 mensem
698 2239 737 2320 se
748 2237 930 2330 militibus
944 2241 1171 2339 exhibebat,
1198 2265 1243 2354 ur
1257 2240 1308 2354 ad
1326 2245 1492 2356 pericula
1506 2252 1784 2355 quaeimmine·

165 2375 278 2447 rent,
303 2349 651 2460 promptitudinem
676 2349 827 2454 illorum
850 2349 1043 2438 excitaret.
1097 2351 1329 2438 Ptolemaeus
1353 2381 1394 2440 er
1470 2358 1624 2468 quum,
1658 2388 1781 2472 quem
1863 2435 1868 2446 ‚

160 2459 318 2656 poleelppt
343 2459 581 2578 progrelium
613 2485 673 2546 res
700 2459 917 2566 habuillenr
939 2513 974 2572 ,⁸
996 2483 1091 2570 tunc
1123 2464 1286 2575 quidem
1313 2463 1355 2548 in
1437 2465 1602 2580 g'yptum
1637 2471 1780 2584 regres-

180 2599 222 2658 us
293 2633 303 2652 .
1662 2602 1669 2626 ⁰
1822 2613 1824 2620 ’

213 2679 336 2766 Paulo
350 2677 443 2793 post
458 2677 689 2764 Ptolemaeus
710 2681 735 2762 i
751 2677 913 2788 Seleuco
926 2743 930 2754 .
935 2704 1097 2794 propter
1116 2682 1331 2771 inimicitias
1350 2711 1441 2768 curn
1458 2686 1663 2800 Antigono
1672 2665 1776 2774 inlli-
1792 2719 1834 2786 tn
1841 2721 1913 2786 ists:
2010 2742 2016 2751 ·

160 2813 291 2906 gatus,
316 2787 357 2877 in
374 2790 524 2875 Caram
542 2791 687 2902 Syriam
702 2815 862 2875 movere
881 2799 921 2874 &
937 2820 1027 2877 cum
1049 2793 1251 2880 Demetrio
1271 2791 1354 2896 eius
1374 2795 1454 2878 filio
1479 2797 1689 2912 confligere
1707 2799 1775 2885 de·

155 2902 283 2988 erevit.
339 2900 606 3002 Quamobrem
629 2901 753 3009 copiis
780 2899 955 3014 undique
971 2903 1177 2988 contradis
1196 2904 1247 2986 ab
1265 2903 1494 2990 Alexandria
1511 2908 1570 3010 ad¹
1582 2907 1772 2996 Pelusi-um

156 3015 259 3098 venit
278 3015 437 3096 rbnom
448 3011 595 3096 habens
612 3005 1015 3118 inpeditatu4oonin
1033 3011 1233 3124 equitatu,
1249 3015 1491 3138 quorum-alii
1507 3017 1771 3122 Macedones,

63 3193 67 3206 .
155 3123 216 3208 alii
233 3121 461 3208 conductitii
476 3146 597 3210 erant.
651 3117 929 3234 AEgyptiorum
945 3121 1166 3232 multitudo
1184 3147 1323 3235 partrm
1340 3125 1413 3207 tela
1427 3127 1632 3236 ceterique
1645 3132 1769 3239 impe-

153 3234 321 3318 dimensa
338 3231 538 3344 gestabat,
565 3229 831 3344 parrimarmis
846 3233 895 3316 ad
915 3259 1054 3344 pugnae
1080 3232 1190 3318 usum
1209 3234 1387 3340 inllrutla
1403 3257 1492 3320 erat.
1550 3239 1586 3324 A
1612 3239 1766 3326 Belusso

152 3343 296 3428 deserta
313 3343 496 3426 'emensus
518 3349 643 3452 prope
667 3340 825 3437 lrolles,
851 3341 901 3424 ad
919 3342 1405 3466 vetustamssyriaefiazam
1418 3345 1535 3432 calita
1551 3350 1676 3457 ponit.
1704 3355 1764 3438 lta

1 3457 2 3462 '
151 3455 263 3538 eriam
283 3453 568 3536 Demetriusert
583 3451 765 3565 hybernis
781 3449 1139 3565 undique'evocatrs
1159 3455 1200 3561 in
1220 3451 1373 3560 Gazam
1389 3477 1559 3576 ueterem
1577 3459 1764 3548 militibus

148 3563 266 3650 hostis
278 3564 491 3648 adventum
509 3561 822 3672 praestolabatur„
1150 3631 1157 3646 ,
1256 3639 1261 3650 ,
1408 3660 1410 3671 1
1760 3659 1763 3666 ¹

201 3674 331 3759 Amici
349 3673 536 3756 Demetrii
552 3671 746 3757 consulere
762 3696 814 3764 ne
837 3699 926 3756 nrm
945 3693 1056 3760 tanto
1079 3671 1317 3788 Imperatore
1332 3680 1372 3762 sc
1390 3671 1562 3764 exercitii
1575 3706 1754 3767 numero·
1775 3704 1843 3768 stus.
1855 3707 1887 3770 rs

112 3827 117 3838 ·
148 3783 374 3870 fioreaciem
388 3779 593 3868 conferret.
647 3783 798 3868 Verum
811 3781 874 3866 ille
893 3811 1041 3869 morem
1056 3783 1118 3872 his
1133 3815 1219 3871 non
1228 3812 1382 3900 gerere,
1409 3787 1474 3870 led
1489 3787 1539 3874 ad
1555 3789 1755 3878 discrimen
1771 3782 1886 3884 ΜΨ

146 3893 385 3980 confidenter
400 3892 475 3976 lese
488 3921 717 4005 praeparare:
743 3893 891 3996 tametsi
909 3895 1061 4007 oppido
1075 3896 1209 3982 adhuc
1224 3895 1445 3983 adolescens
1455 3939 1482 3994 ,·.
1495 3927 1541 3986 ac
1555 3898 1636 3986 fine
1647 3911 1755 4014 patre

145 4031 225 4093 tam
247 4005 412 4092 difficilis
457 4006 544 4090 ram
559 4031 750 4092 certamen
766 4005 958 4090 subiturus
980 4007 1102 4103 ellet,
1129 4007 1282 4116 juvenis
1299 4010 1339 4087 ἃ
1354 4031 1442 4120 tyro
1456 4036 1545 4092 cum
1562 4013 1646 4094 viro
1659 4041 1753 4098 con·

144 4117 315 4202 llillurus
331 4145 379 4201 ex
397 4031 605 4200 Aierandri
626 4115 793 4227 palestra
806 4119 876 4242 pul
889 4113 1010 4202 multa
1024 4118 1094 4224 suo
1110 4117 1230 4202 dutlu
1245 4117 1443 4241 &magna
1451 4117 1583 4229 praelia'
1592 4123 1751 4210 obierat.
1788 4155 1792 4164 ¹

142 4228 364 4314 Demetrius
380 4225 460 4336 jam
479 4227 577 4310 inter
592 4251 901 4312 armaeoncrone
918 4225 1106 4312 advocata
1120 4227 1240 4340 duces
1259 4233 1299 4310 ὃς
1315 4229 1456 4314 milites
1469 4227 1671 4320 adlocutus
1684 4233 1755 4332 est,
1820 4293 1829 4308 .
1883 4281 1891 4294 ·

141 4339 233 4428 inde
247 4338 457 4425 exercitum
474 4337 711 4448 adpugnam
727 4335 928 4430 ordinavit
1683 4414 1690 4428 ,
1772 4405 1779 4417 .

194 4450 426 4535 Ptolemaeus
444 4447 493 4542 nb
508 4447 812 4558 exploratoribus
830 4445 1030 4552 inllrullus
1045 4445 1097 4535 de
1115 4447 1303 4534 exercitus
1323 4445 1490 4545 ordine,
1522 4477 1645 4536 comu
1665 4452 1758 4538 dex·
1774 4483 1890 4550 biorn.

139 4585 243 4648 trum
257 4563 398 4646 robore
413 4559 583 4643 marimo
597 4557 792 4644 firmatum
808 4556 1036 4653 constituit,
1061 4581 1106 4644 ut
1118 4586 1208 4642 cum
1224 4557 1428 4644 Demetrio
1444 4559 1514 4669 qui
1531 4590 1652 4648 cornu
1669 4561 1756 4647 lini·

139 4675 216 4758 llro
229 4690 409 4785 praeerat,
434 4669 676 4764 decertaret,
702 4671 744 4752 in
758 4693 842 4780 quo
855 4667 936 4780 ipse
953 4676 992 4754 δι
1009 4665 1189 4754 Seleucus
1206 4695 1297 4784 cum
1310 4669 1503 4780 equitibus
1518 4669 1660 4756 vallum
1677 4671 1754 4757 fer,

134 4808 260 4872 ratum
276 4781 475 4865 &catenis
487 4781 661 4888 junllum
677 4779 728 4862 ad
741 4779 1036 4891 elephantorum
1050 4775 1250 4864 occursum
1264 4779 1402 4864 statuit.
1429 4779 1475 4861 ln
1503 4777 1630 4866 fronte
1641 4783 1751 4867 ordi·

135 4921 205 4979 nes
218 4879 516 4979 lev‘isarniaturae
528 4913 639 4986 ,cum
654 4888 842 4974 mandatis
854 4912 899 4976 ut
904 4887 1133 4998 jaculatores
1155 4898 1196 4974 δι
1212 4887 1403 4999 Sagittarii
1419 4887 1750 4978 belluasvitlnera·

133 5030 241 5100 rent,
268 5011 308 5088 bt
322 5000 477 5112 eosqui
489 4998 579 5112 ipsis
588 4999 856 5098 vehebantur,
882 4994 1057 5100 adhunc
1073 4999 1236 5082 modum
1253 4997 1360 5084 irruit
1382 4999 1422 5086 in
1446 4997 1587 5084 hostes.
1625 5003 1747 5088 lnitio

131 5114 318 5226 eqnelltis
336 5139 469 5226 pugna
478 5109 602 5196 extitit
613 5113 713 5198 inter
726 5138 829 5224 quos
843 5109 1108 5222 praecellebant
1118 5109 1375 5204 Demetriani,
1402 5107 1467 5192 sed
1477 5107 1689 5198 Ptolemaeo
1705 5119 1747 5196 ὅτ

128 5227 292 5312 Seleuco
309 5221 660 5334 supervenientibus
685 5224 762 5308 acri
787 5221 920 5334 prelio
936 5220 1159 5322 dimicatum
1179 5219 1235 5304 est
1251 5273 1276 5316 ,.
1299 5219 1427 5329 primo
1453 5220 1611 5308 occursu
1637 5223 1743 5328 jacu-

13 5357 38 5369 ·‘
130 5337 203 5434 lis,
230 5333 370 5420 deinde
385 5329 520 5445 gladiis
534 5331 743 5446 congressi,
775 5331 847 5444 ipss
865 5330 984 5436 duces
1002 5359 1082 5444 prae
1096 5330 1276 5416 omnibus
1299 5329 1557 5441 periclitantei
1570 5330 1660 5417 suos
1675 5331 1744 5417 ad·

128 5446 407 5539 hortabantur,
441 5443 508 5524 diu
536 5443 723 5555 equestris
747 5469 879 5555 pugna
906 5467 999 5526 ance
1029 5468 1047 5525 s
1070 5439 1176 5538 luit,
1202 5439 1325 5554 quirin
1351 5438 1483 5526 belluae
1505 5441 1545 5523 in
1572 5468 1743 5551 pugnam

125 5562 251 5646 citatae
268 5555 411 5651 effent,
438 5558 477 5638 δι
491 5553 765 5640 nulluseorum
780 5555 968 5662 impetum
995 5549 1204 5636 ullineret.·
1238 5547 1467 5637 Ptolemaeus
1482 5557 1743 5664 autemquirm

123 5697 173 5754 ex
189 5665 273 5753 valli
289 5663 548 5776 objestuqnid
566 5662 736 5762 futurum
747 5663 840 5752 ellet
853 5661 1007 5748 lol’erter
1014 5659 1258 5771 providisset,
1283 5655 1504 5748 violentiam
1530 5660 1739 5747 belluarum

87 5819 90 5824 ¹
124 5777 266 5864 irritam
284 5775 388 5863 fecit.
441 5774 620 5862 Tandem
634 5773 823 5886 plerisque
832 5767 1210 5858 Indorumconfossis
1216 5824 1232 5868 ,
1258 5792 1302 5856 ut
1316 5769 1740 5889 cunstielephantesin

122 5886 467 5972 Ptolemaeanorum
476 5886 706 5996 potestatem
718 5888 912 5979 venerint,
926 5883 1086 5986 accidit:
1106 5911 1189 5996 quo
1199 5885 1340 5967 eventu
1352 5881 1516 5966 maxima
1530 5907 1617 5995 pars
1626 5885 1737 5996 equi·

121 5997 208 6084 nim
225 5996 661 6090 Demetrii'conliernata
676 5993 807 6109 fugam
821 5993 987 6106 arripuit.
1164 6035 1168 6044 ·
1312 6065 1321 6080 .
1567 6072 1572 6083 .

172 6108 394 6192 Demetrius
417 6105 498 6218 ipse
525 6133 614 6189 cum
638 6108 770 6214 paucis
800 6099 1031 6196 deterretur,
1053 6101 1194 6212 ‚quirin
1219 6099 1538 6214 unumquemque
1559 6102 1729 6205 obsecra
1751 6129 1874 6198 russin

116 6243 199 6317 ret,
227 6241 271 6304 ut
284 6213 427 6302 loco'se
445 6217 708 6314 continerent,
735 6243 809 6303 nee
822 6216 944 6328 ipsum
960 6212 1228 6310 destituerent,
1255 6243 1302 6297 ac
1314 6239 1431 6300 nemo
1440 6213 1597 6298 tandem
1612 6238 1733 6304 atten-

113 6329 243 6432 deret,
276 6328 516 6416 retrocedere
536 6328 692 6416 coaetus
715 6327 782 6441 eii
838 6323 904 6412 Ad
920 6325 1084 6522 Gazatnp3
1095 6323 1213 6439 igitur
1239 6321 1360 6437 usque
1385 6324 1488 6410 bona
1516 6350 1602 6435 pars
1621 6325 1734 6524 Ἧι·
