4522 7070
485 446 490 451 ’
662 454 901 544 P'R‘AE
954 457 990 546 F
1043 446 1085 544 A
1138 456 1179 544 T
1232 456 1371 548 110:

112 540 116 550 ι
182 569 439 664 Ptolemaeum
469 570 670 676 stantun
695 571 970 658 anniscircitet
1021 598 1060 657 o.
1080 646 1091 659 .
1109 544 1842 667 ‚Neceninillrationenha'bento·

182 691 395 780 mensium,
412 714 515 800 quos
527 686 710 767 Berenice
729 683 942 770 tribuimus.
1043 708 1116 770 ane
1126 682 1346 772 Alexander
1364 664 1424 764 tl.
1452 680 1538 790 ejus
1553 683 1710 783 maritus
1722 684 1853 789 inter-g

179 805 281 890 emit
303 799 392 909 poll
422 799 508 881 dies
533 818 591 896 19:
621 794 741 879 Filius
754 791 1385 893 videlieetis’tolcmoeiAlexandri
1407 811 1528 903 quem
1547 793 1648 903 Sylla
1666 796 1716 877 ab
1738 792 1835 876 urbe

176 916 355 1006 miserat,
380 935 427 994 ut
442 907 851 991 'Berenicenduceren
905 903 1083 991 Observa
1099 921 1263 1016 peccare
1277 905 1389 996 illos,
1414 905 1526 998 ineo
1542 902 1701 1003 saltem,
1719 905 1843 1015 quod·

184 1024 352 1110 asserunt
370 1014 634 1102 Alexandrum
650 1042 725 1119 ⁴19..
752 1014 1070 1103 ranrnmniebns
1085 1014 1341 1127 conjugisuae
1357 1015 1598 1124 superstitem
1624 1013 1734 1101 sniffe
1748 1041 1842 1122 corf

177 1136 311 1249 tupris
330 1131 502 1242 Appiani
519 1128 645 1227 uerbis
658 1180 679 1225 „
698 1128 794 1211 dum
814 1124 933 1239 qnod
947 1127 1011 1210 ille
1030 1130 1084 1210 ait
1095 1127 1220 1235 ipsum
1242 1152 1353 1216 nono
1378 1125 1535 1217 decimo
1549 1127 1639 1237 poll
1662 1127 1840 1220 dieuxm

186 1262 268 1332 rem
290 1243 465 1327 emedio
485 1237 696 1335 sustulisse,
721 1235 794 1350 ipsi
811 1239 948 1323 dicunt
974 1263 1095 1324 uxore
1109 1233 1412 1327 interfecta-non
1435 1237 1602 1339 nistra,
1626 1238 1764 1331 diebus
1779 1265 1844 1319 res

178 1354 330 1470 ¹gnalse.
385 1349 760 1438 Saneexssicctone
785 1375 868 1431 non
885 1375 972 1435 uno.
990 1347 1078 1438 loco
1087 1347 1268 1459 pluribus
1287 1345 1395 1443 illuni
1412 1350 1528 1447 annis
1541 1348 1742 1463 regnasse,
1768 1347 1842 1433 de·

189 1471 381 1577 mumque
396 1464 505 1578 regni
523 1459 749 1582 AEgyptiaci
764 1459 951 1543 heredem
969 1458 1012 1541 P.
1030 1459 1256 1544 Romanum
1266 1457 1467 1543 instituisse
1481 1460 1636 1544 eruitur.
1686 1528 1690 1548 .
1832 1540 1839 1567 ,

245 1578 449 1674 Debemus
476 1573 666 1683 equidem
686 1570 857 1681 utrique?
872 1571 1057 1660 Manutio
1075 1570 1425 1662 cantarunvrelnt-
1446 1570 1469 1651 ὁ
1492 1570 1646 1663 tumulo
1671 1571 1845 1657 Alexan·

178 1693 328 1786 dium,
339 1735 342 1742 ·
355 1689 474 1798 qlient
490 1680 1021 1799 diximusaig'yptilleg'emt
1039 1700 1167 1793 quem.
1178 1681 1288 1791 prisci
1295 1681 1509 1789 Scriptores
1525 1683 1630 1788 velut
1644 1683 1844 1768 oblivione

182 1792 733 1914 'sepultumpraetermiserant
791 1791 997 1881 Venerunt
1011 1794 1061 1879 :in
1095 1808 1235 1888 eorum
1259 1791 1490 1879 sententiam
1519 1815 1603 1881 tum
1626 1792 1843 1888 Petavius,

181 1907 497 2003 tumUffetius,
523 1903 741 2014 qui'ramen
755 1929 895 2007 omnes
907 1941 925 1998 a
949 1902 1106 1988 intense
1122 1903 1174 1990 dc
1189 1901 1299 2016 regni
1307 1903 1413 1990 illius
1431 1927 1610 2014 tempore
1625 1902 1843 2007 dissensere

182 2028 285 2137 figo
314 2022 409 2108 vend
431 2017 546 2101 variis
567 2012 698 2097 Tullii
716 2014 816 2097 locis
843 2006 1049 2123 nubisque
1069 2014 1256 2101 Suetonii
1273 2014 1470 2126 persuasus
1499 2016 1592 2110 ltujc
1620 2013 1842 2099 Alexandro

185 2129 627 2222 sex-'admodumannos
638 2125 752 2207 &tali
781 2125 1029 2211 uotrmensesz
1037 2125 1169 2212 tribui·
1187 2194 1190 2200 .
1217 2125 1353 2214 >Auloni
1369 2129 1471 2218 vero
1486 2155 1550 2237 23..
1566 2128 1737 2237 integros
1755 2152 1842 2236 quo

187 2231 369 2354 tempere
386 2241 492 2348 apud
503 2236 677 2346 53quoe
693 2235 770 2319 Pto
808 2233 1060 2321 matussratet
1074 2234 1164 2340 ejus
1174 2234 1387 2346 imperavit
1420 2240 1525 2330 Uno
1540 2238 1647 2323 enim
1663 2262 1843 2347 ternpore

192 2361 329 2469 Reges
343 2353 481 2435 ambos
496 2349 546 2431 ab
566 2344 835 2429 Alexandrinis
853 2345 1086 2449 constitutos
1101 2346 1263 2441 esleIr
1318 2373 1362 2458 us
1377 2345 1773 2459 Bompssillsesserits,
1789 2346 1857 2454 alf

199 2494 328 2555 terum
342 2457 566 2570 impofitum
584 2456 692 2570 AEgy
722 2457 811 2554 tiis,
840 2456 1004 2540 alterum
1020 2455 1072 2539 ad
1088 2452 1155 2566 Cy'
1183 2455 1298 2544 riosa
1327 2458 1509 2570 legatum·

250 2571 430 2687 Superest
452 2595 497 2655 ut
521 2570 629 2680 regni
656 2486 878 2678 Cfeopatrae
905 2590 1062 2678 tempus
1091 2565 1143 2650 de
1199 2568 1306 2665 iam,
1339 2569 1402 2651 cui
1428 2568 1590 2681 quidem
1622 2593 1687 2652 aa.
1720 2592 1847 2652 annos

195 2689 371 2775 tribuunt
396 2703 598 2794 quotquot
620 2679 705 2783 ejus
725 2676 834 2760 initia
858 2679 880 2759 a
899 2702 1025 2762 morte
1043 2677 1164 2788 patris
1188 2676 1264 2763 aus
1283 2679 1460 2777 icantur,
1480 2684 1514 2769 ,a
1538 2707 1621 2791 quo
1651 2679 1729 2763 uni
1751 2704 1847 2764 cum

162 2842 174 2855 ··
197 2796 372 2886 statreR
426 2794 489 2876 ina
506 2814 670 2900 paterno
694 2789 924 2872 testamento
946 2785 1082 2900 scripta
1105 2788 1175 2873 est.
1272 2790 1382 2873 etum
1409 2790 1500 2901 quia
1520 2793 1672 2876 videtur
1695 2790 1845 2903 aquius

200 2906 368 3023 Reginis
425 2927 518 3025 eges
540 2903 719 2992 anteire,
756 2898 928 2981 Primum
953 2922 1030 2984 tres
1051 2925 1281 2993 annoscum
1309 2906 1343 2986 8.
1374 2901 1626 2988 mensibus&
1649 2901 1732 2987 fere
1754 2903 1848 2985 toti·
1987 2909 1990 2915 ’

199 3022 295 3108 dem
311 3014 419 3108 alteri
442 3013 581 3095 ’umori
599 3007 705 3093 fratri
718 3005 898 3120 affignavi
918 3059 932 3104 ,
958 3010 1033 3122 qui
1050 3009 1253 3120 septenarii
1279 3011 1442 3120 spatium
1461 3013 1648 3126 impleant
1671 3038 1762 3097 cum
1776 3010 1845 3095 ali·

198 3153 300 3245 quot
315 3041 539 3215 menlidus,
566 3118 757 3245 siquidem
781 3119 995 3228 Cleopatra
1011 3119 1061 3204 ad
1084 3119 1204 3225 hujus
1225 3146 1393 3206 mortem
1416 3124 1602 3209 octavum
1624 3123 1846 3208 dinumera·

200 3248 290 3336 bat,
318 3245 359 3320 &
374 3234 461 3347 poll
475 3233 561 3316 illos
575 3259 685 3314 annas
700 3230 925 3341 quindecim
939 3231 1121 3342 incoeptis
1133 3233 1349 3340 imperavit.

255 3350 392 3434 Habes
406 3344 534 3459 igitun
561 3341 746 3426 Lecton
774 3341 1000 3439 Enontrn,
1027 3341 1255 3454 explicatam
1271 3341 1338 3429 hic
1357 3344 1522 3430 brevitet
1543 3342 1597 3430 de
1611 3370 1734 3459 regno
1753 3341 1848 3428 Pto·

197 3444 425 3549 lemaeordm
440 3475 623 3537 mentem
658 3450 804 3535 lndulli
818 3451 945 3538 fateor
958 3454 1056 3537 inea
1071 3452 1320 3539 desmibenda
1335 3453 1431 3538 mihi
1448 3455 1597 3569 aliquid
1612 3455 1730 3567 paulo
1744 3455 1846 3564 plus·

202 3598 327 3685 quam
341 3562 680 3652 inSeleucidarum
696 3563 810 3646 rebus
849 3563 936 3645 eslis
954 3562 1183 3650 enarrandis.
1240 3562 1392 3676 Neque
1407 3591 1512 3650 enam
1569 3565 1650 3651 uod
1666 3566 1775 3678 prius
1790 3563 1868 3649 fer

201 3707 361 3777 ceram,
386 3673 449 3760 alli
499 3701 538 3799 ‘e
554 3699 619 3757 me
635 3672 743 3756 volui
764 3591 848 3758 relg
1539 3595 1580 3762 (ἰ,

101 3860 109 3873 .
203 3792 382 3885 liberius,
402 3794 442 3870 δι
510 3782 731 3868 storicuma
758 3810 835 3870 ere.
862 3782 999 3889 Quare
1016 3810 1091 3871 nec
1104 3783 1313 3870 indiverfis
1321 3784 1562 3897 Scriptorum
1579 3789 1778 3875 sententiis
1796 3813 1856 3870 re·

9 3931 13 3941 ·
200 3895 458 3992 fermdislufi
472 3921 666 4008 operam,
693 3811 759 3980 sed
773 3921 821 3980 ea
842 3894 1043 4005 amplexus
1058 3896 1142 3980 sum
1164 3922 1254 4007 quae
1266 3898 1433 4010 propilia
1457 3899 1509 3983 ad
1527 3925 1662 3986 verum
1675 3898 1855 3985 videmn-
1941 3991 1945 3999 ,

824 3672 976 3757 mendis
992 3672 1080 3759 solis
1098 3678 1297 3759 Annorum
1313 3674 1449 3760 verbis.
1506 3677 1554 3761 Li
1583 3676 1639 3762 uit
1651 3674 1853 3806 exspatiari

201 4037 269 4113 rur
283 4007 495 4104 accedere,
519 4026 727 4092 contentus
744 4005 797 4090 ad
820 4005 1032 4120 marginem
1053 4005 1242 4106 laudare,
1265 4035 1436 4122 quotum
1459 4008 1572 4096 dien
1604 4008 1853 4096 adhaefiffem.

199 4123 355 4237 Neque
372 4121 469 4206 vero
485 4115 633 4201 credidi
653 4114 856 4203 referenda
874 4114 973 4202 mihi
1000 4114 1078 4202 esse
1098 4117 1235 4204 omnia
1257 4145 1348 4232 qua
1364 4121 1465 4208 inter
1491 4120 1710 4234 Augustum
1732 4125 1774 4206 δι
1788 4120 1850 4207 M.

203 4232 427 4358 Antonium
446 4227 554 4342 gesta
570 4227 719 4313 client:
744 4254 870 4313 *unum
885 4225 982 4316 illud
995 4224 1224 4341 speslavine
1239 4229 1343 4345 quid
1359 4231 1580 4319 omitterem
1595 4232 1709 4346 quod
1720 4229 1853 4347 Regni

204 4337 895 4546 wroemopiltsspeslaret
1424 4390 1429 4395 -

424 4471 608 4563 praeterea
628 4474 715 4532 mea
731 4448 850 4561 ipsius
867 4449 1116 4561 experientia,
1123 4448 1304 4537 eamdem
1320 4449 1417 4538 mihi
1431 4448 1643 4540 tenendam
1656 4454 1760 4541 viam
1778 4455 1851 4541 sta·

201 4573 264 4655 tui
273 4621 288 4666 ,
312 4589 432 4696 quam
447 4561 489 4645 in
503 4559 788 4644 Seleucidarum
805 4565 842 4643 R
858 4658 862 4664 ⁴
923 4591 962 4647 m
976 4564 1150 4651 Historia
1164 4561 1316 4651 secutus
1329 4589 1434 4648 etam
1449 4562 1538 4649 satis
1551 4563 1723 4652 feliciter.
1765 4566 1850 4652 Re-

200 4681 262 4793 gis
275 4674 463 4787 cujusque
486 4668 636 4755 vultum
660 4669 859 4781 insculpen
890 4700 955 4756 um
981 4675 1088 4759 aereis
1113 4669 1249 4758 formis
1276 4674 1455 4773 credidi,
1482 4698 1526 4760 ut
1546 4701 1596 4758 ex
1616 4703 1662 4761 ea
1680 4677 1734 4760 im
1788 4677 1797 4693 '
1825 4703 1852 4762 e

202 4815 326 4902 qnam
347 4787 461 4870 rebus
474 4781 590 4895 gellis
614 4780 810 4894 praefixam
833 4784 1040 4882 viderent,
1065 4782 1241 4896 dignosci
1263 4786 1392 4897 primo
1406 4783 1523 4870 facile
1546 4784 1683 4902 singuli
1700 4815 1755 4900 po
1785 4808 1855 4874 ent
2028 4851 2045 4905 5

8 4892 14 4970 f
156 4970 159 4975 .
200 4927 253 4985 ex
269 4896 410 4984 nativis
423 4893 681 4979 lineamentis:
698 4916 783 4979 tum
795 4894 911 4980 etiam
926 4898 966 4980 in
956 4893 1069 5091 mpso
1084 4892 1212 4979 statim
1226 4895 1414 5007 cujusque
1421 4923 1496 5002 ore
1506 4896 1717 5010 legeretur,
1727 4920 1856 5091 guam

201 5007 370 5123 quisque
384 5004 556 5090 indolem
573 5002 623 5085 ad
652 5003 836 5132 Regnum
859 5008 953 5091 attul
999 5030 1048 5092 et.
1105 5005 1209 5091 Mox
1225 5008 1293 5091 ubi
1311 5004 1660 5120 fingulorumfasla
1677 5007 1727 5091 ab
1743 5006 1858 5108 olri,

202 5145 391 5206 nummos
409 5141 480 5200 eos
508 5139 648 5199 omnes
664 5115 854 5225 adjunxi,
883 5119 953 5226 qui
969 5114 1130 5228 quidem
1153 5117 1194 5201 in
1211 5143 1349 5202 manus
1368 5145 1510 5203 venere
1533 5143 1649 5204 meas.
1703 5118 1857 5233 Neque
2058 5219 2089 5229 Ι·
2234 5172 2258 5220 „

208 5232 345 5346 putavi
366 5225 520 5313 fastidio
539 5226 722 5336 cuiquam
739 5220 852 5320 fore,
880 5226 994 5312 stubi
1009 5224 1201 5312 diversum
1225 5226 1427 5340 quidpiam
1444 5225 1592 5356 postica
1605 5231 1774 5356 inpane
1788 5258 1859 5315 ος.
2002 5240 2006 5246 ·
2234 5237 2237 5273 ¹

203 5363 402 5441 eumer,
428 5337 534 5421 idem
549 5335 689 5418 iterum
704 5357 821 5446 caput
843 5339 1180 5449 repraesentarem=
1208 5336 1261 5423 fic
1276 5339 1380 5423 enim
1398 5340 1514 5425 alnus
1539 5365 1660 5427 menti
1678 5340 1859 5452 inpreffa

170 5535 173 5539 ,
198 5452 369 5536 ὀπώπει
386 5457 528 5534 eorum
540 5448 693 5556 imago,
719 5473 842 5558 quum
859 5448 995 5560 &pius
1009 5448 1172 5560 repetita
1189 5448 1313 5535 oculis
1326 5448 1540 5562 usurpatur.

262 5559 473 5647 Potuillem
486 5555 600 5643 facile
615 5555 788 5641 universa
796 5557 856 5641 M.
871 5560 1034 5647 Antonii
1042 5557 1288 5646 Numismata
1301 5557 1457 5658 referre,
1464 5588 1569 5672 quae,
1576 5558 1671 5645 dum
1683 5560 1787 5646 inAE
1840 5607 1858 5632 ·

208 5694 283 5786 pto
298 5667 396 5767 ferit,
425 5668 572 5779 ubique
590 5664 727 5776 paffim
739 5667 828 5753 cusa
846 5670 953 5756 sunt:
980 5672 1027 5756 iis
1042 5693 1173 5757 tamen
1190 5694 1399 5760 contentus
1413 5669 1493 5768 fui,
1518 5673 1560 5756 in
1577 5671 1722 5786 quibus
1736 5673 1778 5786 ip
1794 5699 1858 5759 rus

13 5879 15 5883 ,
188 5861 206 5893 ,
445 5780 575 5866 vultus
594 5773 818 5889 exsculptus
833 5779 946 5867 ellet=
972 5780 1190 5893 quidenim
1205 5779 1257 5866 ad
1272 5780 1598 5895 AEgyptiacorum
1612 5781 1858 5910 Regumlii·

14 5998 23 6096 l

187 5887 270 5979 *An
382 5945 398 5994 ,
422 5916 513 6001 quae
525 5892 800 5974 Romanorum
819 5917 879 5975 tes
900 5892 1024 6009 gestas
1041 5889 1340 6006 unicespedlant
1356 5899 1374 5979 l
1389 5894 1606 6009 &quidem
1620 5892 1683 5980 illa
1701 5893 1862 5981 exhibui

209 6004 292 6090 sola
308 6031 399 6116 quae
411 6000 590 6088 manibus
609 6022 732 6085 terere
745 5999 862 6086 licuit.
953 6039 956 6047 ’
1360 6006 1361 6009 ‘
1695 5989 1704 6016 ²

262 6117 354 6200 Scio
370 6111 531 6200 eenein
595 6110 696 6216 ,ilica
719 6109 1011 6306 quumismatum
1037 6139 1126 6200 area
1143 6138 1233 6227 qnae
1245 6111 1371 6200 affero
1385 6167 1400 6212 ,
1427 6112 1523 6201 nihil
1548 6111 1627 6201 esse
1640 6110 1861 6203 modum

208 6223 372 6310 eruditis
388 6222 512 6310 oculis
558 6221 702 6334 ignum
770 6222 896 6351 bique
916 6226 1023 6311 enim
1036 6222 1162 6312 ferne
1178 6224 1364 6336 Aquilam
1378 6224 1532 6310 fulmini
1555 6223 1790 6315 infidentem
1806 6231 1864 6313 vi·

210 6332 308 6424 dete
325 6333 391 6424 cll
418 6336 524 6422 Laos
540 6359 680 6421 eorum
698 6359 827 6424 omnus
840 6363 882 6424 m
895 6337 1022 6426 antim
1036 6359 1145 6451 parte
1158 6335 1335 6439 videtur,
1352 6363 1443 6450 quae
1458 6335 1510 6423 ad
1524 6336 1661 6428 virum
1674 6337 1865 6534 Pamppir

1711 6473 1765 6536 nrt
1779 6473 1866 6536 tum
