4402 7066
405 400 484 496 156
674 489 675 494 Ν
839 369 1423 469 PTOLEMAEUS
1478 379 1593 467 Xll.

94 649 97 658 A
206 535 378 694 'ppqtyqtss
406 523 554 652 siribuit
581 546 668 631 quae
685 532 885 631 quamque
898 515 1257 627 eammssequatur,
1289 524 1330 598 8(
1354 515 1418 598 cui
1431 513 1651 612 subveniat,
1679 515 1898 616 conssituit,
1927 528 2052 632 atqu'e

209 759 326 822 la-ibid.
404 654 797 827 rmpqqtaubitanoer
815 677 1063 824 Alexandrini
1079 735 1228 822 classem
1276 733 1492 829 roducunt,
1520 736 1869 844 atqueinllrrunr,
1885 739 2043 824 infron-

403 874 446 942 'te
461 853 654 938 collocant
672 879 735 960 23.
758 849 924 972 reliquas
936 847 1223 975 substdiariasin
1247 846 1820 944 ecundoordineconllituunt,
1850 877 2038 962 magnum

399 957 1834 1185 tzit‘,“t,tlttt,‘ttstuttttttttttsitlt‘ltnstris:
1842 967 2042 1159 titt

399 1186 556 1273 terroris
570 1185 707 1268 afferre
725 1181 887 1292 possent.
945 1183 1064 1264 Erant
1077 1182 1177 1265 inter
1192 1177 1289 1262 duas
1305 1179 1433 1264 clalles
1448 1176 1547 1260 vada
1567 1179 1723 1263 transitu
1735 1180 1919 1298 angusto,
1946 1211 2040 1294 quae

400 1297 597 1410 pertinent
621 1296 672 1378 ad
694 1293 892 1404 regionem
918 1291 1095 1388 Africa,
1118 1289 1283 1402 satisque
1299 1288 1369 1372 diti
1387 1287 1672 1398 interipsas-est
1687 1293 1960 1400 expectatum,
1987 1301 2040 1380 ab

399 1409 493 1492 utris
519 1404 738 1490 transeundi
768 1401 875 1486 fieret
901 1403 1091 1487 initium:
1117 1423 1324 1512 propterea
1351 1399 1469 1508 quod
1495 1451 1508 1493 ,
1536 1399 1590 1483 eti
1609 1400 1906 1509 quiiutrassent,
1936 1407 2036 1489 &ad
2176 1423 2177 1494 l

399 1514 667 1627 explicandam
683 1513 834 1598 classem
848 1519 888 1595 8(
903 1514 953 1596 ad
972 1535 1205 1626 receptum,
1234 1509 1412 1596 fidurior
1436 1506 1631 1597 accidisset
1645 1509 1751 1596 casus
1770 1555 1784 1610 ,
1810 1515 2037 1624 impeditio·
2176 1503 2177 1550 ³

404 1657 430 1713 n
456 1656 475 1712 s
495 1625 578 1710 fere
594 1625 831 1709 ¹uidebantur.

432 1655 629 1822 eRhodiis
654 1737 815 1822 navibus
838 1757 997 1843 praerat
1020 1731 1253 1845 Euphranor
1275 1727 1394 1814 animi
1409 1729 1675 1842 magnitudine
1690 1759 1737 1814 ac
1752 1732 1896 1819 virture
1912 1741 2035 1850 magis

389 1863 494 1935 ‘cum
512 1848 726 1942 Romanis,
752 1849 871 1958 quim
886 1843 1150 1938 cumGraecis,
1178 1838 1484 1952 comparandus,
1512 1841 1576 1923 hic
1591 1845 1646 1924 ob
1660 1841 1890 1927 notissimam
1912 1848 2032 1932 scien-

2176 2659 2177 2708 l

2176 3165 2177 3208 l

402 1962 499 2046 riam
516 1955 986 2050 deleslusestthodiis,
1014 1956 1084 2066 qui
1100 1953 1307 2064 imperium
1321 1949 1440 2034 ctaffis
1456 1951 1680 2047 obtineret,
1705 1955 1853 2063 quiebi
1870 1958 2032 2044 Casaris

398 2076 569 2155 animum
589 2067 763 2152 advertit
819 2064 974 2151 Videris
1001 2065 1125 2160 mihi,
1152 2063 1300 2175 inquit,
1327 2063 1454 2144 Caebr
1471 2065 1615 2157 vereri,
1643 2061 1762 2146 srhaec
1777 2067 2033 2175 vada'primus

397 2178 793 2273 navibusintraveris,
824 2175 1213 2287 nepritlsdimicarec
1268 2173 1362 2267 aris,
1389 2197 1511 2281 quam
1521 2175 1670 2256 classem
1680 2173 1796 2283 pollis
1814 2180 2030 2287 explicare,

399 2292 514 2374 nobis
537 2317 619 2374 rem
638 2291 911 2382 committere,
937 2313 1012 2372 nos
1034 2285 1206 2396 praelium
1214 2201 1529 2379 Odstinebimus,
1555 2311 1685 2394 neque
1701 2310 1811 2369 tuum
1834 2289 2028 2395 judicium

398 2399 595 2497 saliemus,
621 2398 862 2508 dumreliqui
876 2395 1186 2510 subsequantur,
1212 2394 1287 2486 tros
1301 2393 1496 2483 diutitlsiu
1510 2395 1859 2508 nostroconspetlu
1868 2401 2028 2486 nobis&

401 2511 641 2596 dedecori&
659 2509 785 2592 dolori
804 2509 871 2591 est.

458 2620 699 2707 Caesarillum
715 2619 967 2714 adhortatus,
994 2607 1606 2728 atqueomnibuslaudibusprose
1638 2627 1773 2712 utttu's,
1799 2618 2028 2736 datlignum

397 2753 561 2843 pugnae,
586 2723 801 2844 ppog'ressas
822 2728 918 2812 ultra
935 2727 1079 2810 uadum
1094 2725 1326 2831 4Rhodias
1339 2753 1458 2812 naves
1466 2641 1744 2812 circumsistunt
1754 2729 2031 2835 Alexandrini,

340 2892 346 2902 ·
395 2867 516 2955 atque
531 2843 572 2925 in
591 2867 657 2924 eas
675 2843 869 2949 impetum
878 2836 1051 2930 sariunt,
1079 2835 1357 2933 sustinentilli,
1382 2862 1503 2948 atque
1518 2836 2027 2956 artesoHertia'tqueseexpli.

394 2976 502 3038 eant:
530 2981 576 3035 ac
592 2954 742 3037 tantum
759 2949 936 3033 doslriua
951 2947 1108 3058 potuit,
1137 2971 1180 3031 ut
1198 2948 1240 3029 in
1256 2946 1396 3058 dispari
1403 2975 1590 3044 numero,
1618 2950 1719 3032 nulla
1735 2953 2026 3042 transversa'ho-

393 3062 704 3171 stiobjicererur,
733 3059 872 3144 nullius
888 3057 1300 3170 remidetergerentur,
1327 3059 1393 3142 sed
1409 3059 1578 3170 semper,
1606 3061 2026 3151 venientibusadversae

366 3269 369 3274 ¹
393 3195 640 3258 occurrerent
657 3175 813 3260 interim
835 3169 922 3252 sunt
945 3167 1100 3277 reliquae
1119 3164 1380 3279 subsequuta,
1410 3197 1499 3253 nam
1519 3169 1729 3253 necessario
1749 3173 1951 3260 discessum
1969 3181 2022 3262 ab

401 3308 483 3368 arte
503 3285 557 3370 eli
573 3306 733 3396 propter
747 3280 938 3394 angustias
957 3278 1054 3374 loci,
1080 3300 1198 3389 atque
1212 3303 1335 3362 omne
1351 3303 1544 3364 certamen
1563 3279 1604 3362 in
1624 3281 1764 3368 virtute
1778 3286 1963 3372 eonfistit.
2176 3311 2177 3376 l

447 3393 598 3505 Neque
608 3397 703 3478 vero
713 3391 955 3476 Alexandriae
964 3413 1033 3473 aut
1044 3388 1319 3474 Romanorum
1328 3392 1718 3500 autoppidanorum,
1733 3397 1802 3505 qui
1810 3399 1909 3480 auin
1920 3413 2019 3510 ope*
2176 3397 2177 3416 ¹

392 3503 1114 3618 teututimoppugnatioueoccupatum
1131 3501 1305 3584 animum
1322 3500 1506 3598 haberet,
1535 3502 2022 3619 quaatriffimareetaperea
2176 3519 2177 3524 '

385 3609 1596 3728 ret‚precibtlsqueacrotisvistoriamsuisiDiisimmortalibus
1604 3617 2021 3725 exposceretMinime
2176 3621 2177 3700 l

256 3761 271 3794 .
375 3749 521 3822 sautem
546 3749 627 3813 erat
659 3747 729 3838 par
744 3725 863 3838 praelii
877 3743 1076 3808 certamen
1083 3772 1097 3817 ,
1124 3723 1319 3807 Romanis
1334 3721 1492 3834 prorsus
1506 3749 1637 3834 neque
1656 3747 1753 3811 terra
1771 3745 1904 3840 neque
1924 3721 2023 3818 mari

388 3838 581 3950 effugium
611 3836 777 3921 dabatur
801 3833 953 3931 vidis,
989 3833 1205 3944 omnisque
1228 3833 1439 3918 visloribus
1467 3859 1602 3929 erant;
1637 3833 1768 3922 futura
1784 3840 1830 3922 in
1845 3840 2018 3942 incerto,

352 4001 354 4006 ,
386 3947 662 4042 Alexandrini,
690 3945 966 4057 srsuperaffent
981 3945 1166 4038 navibus,
1195 3946 1328 4026 omnia
1344 3969 1545 4042 tenerent,
1572 3943 1819 4034 stinfetiores
1839 3949 2015 4053 fuissent,

364 4153 369 4171 ι
385 4049 575 4170 reliquam
592 4080 721 4142 tamen
737 4054 933 4140 fortunam
948 4053 1269 4164 periclitarentur,
1297 4055 1408 4139 simul
1422 4055 1519 4139 illud
1535 4083 1651 4169 grave
1669 4087 1714 4140 ac
1724 4061 2019 4151 miserumvide·

385 4170 518 4267 batur,
546 4195 617 4280 per
640 4193 786 4278 paucos
810 4165 895 4272 dies
917 4165 969 4251 de
992 4167 1140 4248 summa
1159 4183 1309 4260 terum,
1338 4165 1450 4253 aede
1467 4166 1585 4251 salute
1605 4169 1779 4253 omnium
1796 4173 2020 4274 decertaret

380 4305 549 4390 quorum
567 4277 596 4361 fi
612 4279 700 4389 quis
715 4301 783 4362 aut
797 4278 927 4360 animo
942 4299 1009 4361 aut
1022 4279 1164 4361 uirtute
1177 4273 1357 4376 cesfitser,
1383 4278 1540 4388 reliquis
1548 4279 1662 4362 etiam
1679 4282 1772 4366 ellet
1794 4288 2015 4374 cavendum

380 4391 525 4502 quibus
542 4416 615 4501 pro
628 4399 665 4471 le
681 4388 882 4502 pugnandi
895 4385 1144 4473 facultasnon
1159 4384 1295 4470 fuislet.
1767 4488 1770 4495 Ι

437 4501 538 4583 Haec
564 4498 821 4610 superioribus
841 4499 978 4581 diebus
1002 4495 1076 4581 suis
1098 4495 1328 4606 exposuerat
1353 4497 1503 4593 Caesar,
1541 4519 1584 4582 ut
1613 4497 1692 4584 hoe
1717 4502 1855 4610 majori
1876 4510 2012 4593 animo

322 4660 333 4688 .
380 4610 683 4705 contenderent,
717 4607 829 4718 quod
851 4607 1029 4691 omnium
1051 4606 1212 4690 salutem
1230 4607 1300 4692 fibi
1318 4610 1629 4702 commendatam
1646 4609 1844 4711 viderent,
1871 4619 2010 4703 eadem

381 4721 490 4805 suum
517 4720 681 4834 quisque
704 4719 1019 4811 contubernalem
1044 4772 1057 4815 ,
1084 4718 1286 4815 amicum,
1315 4740 1453 4802 votum
1471 4721 1710 4831 prosequens
1735 4747 1816 4806 erat
1840 4730 2009 4812 obtesta-

381 4852 464 4927 tus,
499 4857 551 4914 ne
573 4831 678 4916 suam
703 4852 822 4941 atque
848 4832 1025 4912 omnium
1050 4827 1198 4914 falleret
1211 4831 1463 4942 opinionem,
1489 4858 1656 4940 quorum
1679 4831 2011 4928 iudiciodelessus

310 5023 313 5030 ,
379 4939 432 5022 ad
454 4967 630 5052 pugnam
652 4938 982 5051 proficisceretur:
1008 4940 1141 5049 itaque
1164 4940 1243 5024 hoc
1261 4941 1394 5025 auimo
1416 4941 1474 5023 est
1501 4941 1740 5026 decertatum
1776 4997 1790 5038 ,
1820 4969 1864 5030 ut
1878 4975 2009 5060 neque

379 5053 586 5140 maritimis
601 5050 840 5160 nauticisque
867 5049 1041 5145 solertia,
1077 5074 1196 5161 atque
1213 5078 1273 5137 ars
1288 5049 1509 5163 presidium
1527 5051 1665 5148 ferret,
1693 5080 1823 5166 neque
1838 5087 2007 5160 numero

377 5163 536 5246 navium
562 5162 827 5271 praestantibus
844 5161 1055 5245 multitudo
1073 5161 1287 5272 prodesset,
1315 5188 1446 5272 neque
1463 5160 1555 5246 fidei
1570 5162 1620 5247 ad
1639 5163 1820 5252 virtutem
1837 5197 1884 5253 ex
1901 5195 2008 5258 tanta

381 5272 627 5357 multitudine
642 5273 713 5356 viri
728 5273 1003 5356 Romanorum
1022 5270 1156 5356 virtuti
1173 5273 1328 5384 possent
1345 5273 1555 5382 adaquari.
1892 5327 1898 5334 -
1989 5325 1996 5340 -

433 5383 601 5492 Capitur
626 5381 705 5467 hoc
729 5381 861 5492 praelio
882 5383 1174 5494 quinqueremis
1201 5411 1298 5481 una,
1327 5391 1367 5467 8(
1384 5385 1538 5468 biremis
1556 5409 1645 5468 cum
1661 5384 1928 5474 defensoribus
1942 5420 2003 5476 re·

377 5494 644 5608 migibt'rsque,
671 5489 995 5602 &deprimuntur
1009 5516 1106 5590 tres,
1135 5495 1327 5579 Romanis
1341 5493 1599 5580 incolumibus
1608 5499 1795 5581 omnibus
1806 5554 1820 5596 ,
1846 5503 2001 5613 reliquae

377 5607 647 5798 propinquam
661 5602 793 5718 fugam
812 5602 864 5720 sd
877 5604 1071 5716 oppidum
1091 5605 1273 5716 capiunt,
1299 5633 1399 5718 quas
1415 5631 1618 5734 protexere
1634 5635 1684 5694 ex
1698 5609 1869 5694 molibus
1883 5636 1999 5725 atque

378 5718 452 5800 aedi
479 5715 547 5800 ciis
561 5715 870 5812 imminentibus,
904 5723 946 5802 8(
970 5717 1174 5800 Romanos
1191 5715 1297 5801 adire
1314 5719 1477 5828 proprus
1492 5717 1785 5827 prohibuerunt.
1840 5723 1935 5806 Hoc
1950 5751 2000 5809 ne

380 5825 450 5910 sibi
474 5826 611 5937 saepius
635 5824 810 5911 accidere
824 5825 971 5938 posset,
998 5828 1110 5912 omui
1125 5828 1274 5912 ratione
1290 5827 1419 5912 Cacsar
1435 5829 1755 5917 contendendum
1769 5832 2002 5922 existimavit

379 5959 427 6022 ut
441 5937 626 6033 Insulam,
654 5936 879 6050 molemque
902 5937 953 6023 ad
976 5927 1142 6024 lusulam
1164 5938 1420 6049 pertinentem
1445 5939 1606 6024 insuam
1626 5942 1817 6058 redigeret
1835 5947 2002 6054 potesta·-

379 6069 483 6134 tem=
512 6049 689 6162 perfertis
714 6049 816 6136 enim
832 6075 972 6162 magua
985 6076 1035 6135 ex
1055 6074 1166 6164 parte
1181 6049 1461 6136 munitionibus
1474 6051 1514 6138 in
1529 6053 1686 6164 oppido
1700 6053 1856 6140 &illam
1878 6063 1920 6141 8(
1939 6083 1997 6143 ur·

377 6159 468 6246 bem
483 6173 565 6245 uno
578 6173 756 6270 tempore
768 6161 906 6248 tentari
925 6161 1034 6272 polle
1048 6160 1284 6248 confidebat.
1981 6183 1984 6201 ¹
2014 6198 2018 6206 ⁴

182 6265 301 6330 stibis·
425 6269 530 6382 'Qo
547 6294 664 6384 capto
682 6273 843 6361 consilio
857 6271 1040 6360 cohortes
1059 6297 1129 6358 to.
1157 6271 1298 6360 &levis
1308 6293 1507 6363 umaturae
1516 6271 1687 6406 elesius,
1714 6303 1819 6392 quos
1832 6277 1993 6369 idoneos

1927 6423 1995 6486 ex

722 6501 764 6578 Θ
