4402 7066
748 399 1319 490 ctuoentnn
1750 405 1840 512 m7

191 513 322 602 Casan
336 516 385 602 ad
404 517 598 632 Regnum.
655 511 905 600 Deliberante
920 515 971 599 de
988 541 1040 598 eo
1057 514 1208 600 Caesare
1221 511 1428 628 perhfoent
1445 513 1580 601 Arium
1597 509 1731 598 dixisse
1747 543 1829 600 non
1842 535 2023 602 nnuman.

191 630 491 742 propagandum
507 628 583 709 else
598 623 638 706 in
657 625 786 708 multis
798 625 959 708 Caesaris
981 651 1149 720 nomen,
1167 651 1289 736 quare
1304 652 1394 708 eum
1406 625 1495 736 post
1511 626 1642 710 mattis
1658 651 1826 712 mortem
1843 631 1963 690 Μ’*

193 741 366 824 extinxit.
422 738 500 820 Alii
519 735 648 820 ferunt
672 737 712 818 in
728 733 976 849 AEthiopiaffl
999 737 1245 852 fugientem,
1271 734 1526 848 interceptum
1551 738 1591 820 in
1606 736 1743 822 itinere
1757 764 1825 823 ne·
1841 743 1979 824 ⁰³0¹·st

189 871 332 934 catum.
1029 883 1032 890 ·

242 959 302 1040 Ειι
321 959 484 1043 Antonii
499 955 625 1040 liberis
640 959 705 1038 An
747 953 820 1039 llus
832 951 968 1038 Fulvia
985 977 1097 1040 natus
1117 954 1264 1066 major,
1281 983 1520 1070 quamquam
1536 959 1574 1041 ei
1594 955 1757 1042 Castris
1771 957 1826 1043 es·
1837 961 1889 1030 uu
1905 966 1965 1030 bid·

186 1065 243 1152 set
258 1067 484 1178 desponsata
501 1068 596 1175 lulia
612 1067 697 1176 ejus
707 979 813 1160 'dna
839 1065 909 1173 qui
925 1068 964 1147 in
982 1067 1101 1175 patris
1116 1066 1291 1150 sacellum
1304 1071 1328 1152 a
1343 1071 1551 1180 Cleopatra
1567 1067 1714 1153 saelum
1731 1095 1827 1154 con·

186 1177 361 1291 fugerat,
390 1178 651 1288 iPaedagogo
668 1178 788 1260 etiarn
807 1174 1030 1260 Theodoro
1154 1176 1286 1264 omine
1304 1179 1508 1290 proditus,
1537 1179 1662 1265 statim
1675 1180 1829 1292 jugula·

184 1309 249 1373 tua
267 1287 353 1383 est,
379 1287 698 1373 obtruncantibus
721 1313 814 1370 eum
835 1283 1049 1381 militibus,
1106 1289 1246 1374 etraxit
1261 1293 1296 1372 ei
1316 1289 1582 1401 Padagogus,
1612 1316 1732 1400 quam
1747 1290 1832 1376 col-

187 1397 232 1484 lo
246 1401 424 1509 gerebat,
451 1394 987 1508 pmriosrffimamgemmam,
1014 1398 1182 1507 eamque
1200 1398 1316 1486 insuit
1329 1425 1439 1502 zona
1453 1401 1540 1486 suaea
1579 1401 1627 1484 ld
1640 1400 1834 1489 inficiatur

188 1513 231 1592 δι
245 1533 469 1617 compertus
486 1535 608 1616 quum
625 1509 741 1603 esset,
765 1511 805 1589 in
822 1533 976 1590 crucem
991 1507 1099 1590 aelus
1117 1508 1184 1592 est.
1510 1539 1513 1546 ’

244 1615 484 1712 Alexander,
507 1617 761 1723 -Ptolemaeus,
790 1623 829 1698 δι
849 1616 1083 1726 Cleopatra,
1112 1644 1160 1701 ex
1182 1619 1393 1730 Cleopatra
1410 1630 1451 1706 δι
1467 1623 1646 1708 Αιιιοιιίο
1662 1619 1749 1720 filii,
1774 1621 1828 1707 ad

185 1725 451 1840 Triumphum
467 1725 627 1811 Cesaris
643 1727 819 1811 reservari
836 1727 923 1810 sunt
939 1735 978 1810 δι
994 1730 1167 1812 Romam
1187 1731 1320 1842 postea
1336 1731 1523 1842 perdusti.

242 1840 329 1946 Qi
348 1837 509 1922 Antonii
525 1837 638 1920 rebus
656 1834 848 1933 faverant,
878 1837 1008 1921 Casar
1021 1839 1116 1921 alios
1130 1835 1317 1952 supplicio
1332 1842 1461 1926 affecit
1481 1895 1494 1938 ,
1522 1841 1618 1926 alios
1635 1843 1750 1926 venia
1762 1841 1827 1926 vel

185 1947 253 2034 sua
268 1953 435 2058 sponte,
463 1945 675 2031 velaminis
699 1949 1052 2044 intercedentibus,
1080 1949 1179 2033 inter
1204 1950 1392 2065 supplicio
1411 1951 1576 2037 affedtoa
1602 1975 1826 2043 numeratur
1955 1968 1959 1974 ’

188 2058 438 2144 1’.Canidius
456 2055 711 2140 inleuiffimus
725 2057 884 2166 quidem
901 2059 1065 2171 Caesari,
1094 2059 1160 2144 sed
1178 2064 1414 2147 &Antonio
1431 2061 1574 2147 infidus
1591 2116 1605 2158 ,
1632 2064 1704 2174 qui
1722 2062 1824 2148 timi·
1837 2103 1921 2164 oms,
1933 2101 2022 2166 ,M

189 2171 280 2256 dibu
293 2167 469 2266 decellit,
497 2171 619 2278 quim
647 2167 871 2278 prosessroni
889 2175 994 2280 ejus,
1022 2197 1102 2278 qua
1116 2171 1264 2282 semper
1276 2173 1365 2257 usus
1381 2171 1523 2270 fluerat,
1568 2175 1827 2286 congruebat,
1838 2181 1998 2246 Putre-lr-

187 2279 335 2368 occisus
350 2279 405 2364 est
420 2280 535 2364 etiam
552 2278 712 2362 Calatis
722 2277 822 2383 jussu
839 2279 1087 2389 QOvinius
1101 2281 1272 2368 Senator.

244 2392 383 2498 Qum
402 2387 602 2472 invenisset
620 2389 747 2470 Casar
770 2392 877 2502 apud
893 2391 1108 2475 Antonium
1126 2393 1341 2503 permultos
1359 2391 1580 2505 Principum
1599 2421 1644 2478 ac
1662 2395 1820 2507 Regum
1837 2428 1894 2492 pr,
1905 2429 1984 2507 ltu}

186 2504 347 2598 liberos,
372 2501 468 2584 alios
486 2498 664 2582 obsrdum
688 2499 874 2599 nomine,
900 2503 995 2586 alios
1013 2527 1084 2612 per
1101 2503 1377 2588 contumeliam
1396 2503 1583 2590 educatos
1597 2503 1727 2603 suille,
1753 2533 1826 2591 eo·

187 2637 277 2700 rum
292 2637 438 2725 partem
457 2610 619 2693 domum
635 2611 797 2707 remislt,
825 2611 962 2721 partim
981 2611 1166 2722 conjugio
1182 2613 1351 2696 invicem
1368 2615 1593 2725 copulavit,
1621 2615 1716 2701 atior
1730 2619 1821 2702 teti·
1945 2621 1949 2628 “

188 2725 291 2820 nuit,
302 2723 476 2834 Jotapeu
485 2722 588 2834 Regi
596 2721 809 2806 Medorum
827 2724 898 2833 qui
911 2723 961 2806 ad
980 2723 1017 2805 se
1035 2723 1145 2806 riuis
1158 2723 1278 2808 consu
1306 2748 1409 2818 erat,
1427 2723 1531 2808 ultro
1542 2723 1730 2810 reddiditt
1751 2729 1823 2810 Ar·

182 2835 296 2922 aazia
315 2854 473 2928 autem,
501 2834 593 2944 quia
608 2835 640 2915 is
668 2833 901 2929 Romanos,
927 2833 1042 2944 quiin
1073 2833 1258 2921 Armenia
1280 2751 1572 2946 superfuerant,
1600 2835 1819 2934 occidisset,

185 2945 323 3033 stanes
338 2943 429 3026 suoa
442 2941 690 3054 quantumvis
703 2944 851 3055 petenti
866 2971 947 3027 non
962 2941 1117 3030 temifit.
1835 2986 1955 3064 ,gam

249 3053 405 3138 Deinde
420 3081 564 3166 corpus
582 3053 789 3138 Alexandri
807 3053 993 3167 inspexit,
1019 3077 1140 3165 atque
1152 3055 1391 3152 attrectavit,
1416 3056 1529 3144 itaut
1544 3051 1625 3142 nali
1642 3071 1828 3167 quoque',

192 3164 392 3282 (itaeninr
408 3159 562 3274 fortun)
571 3163 791 3276 particulam
807 3165 974 3276 aliquam
990 3162 1155 3280 fregerit.
1183 3165 1481 3252 Ptolemaeorum
1500 3189 1827 3278 corpora,quam-

192 3303 314 3394 quam
328 3303 376 3360 ea
392 3273 595 3360 ostendere
615 3273 861 3361 Alexandrini
892 3277 1007 3361 enixe
1024 3275 1234 3374 volebant,
1260 3275 1344 3362 non
1359 3279 1571 3390 spetlavit,
1597 3275 1750 3392 Regem
1764 3274 1826 3374 se,

191 3385 970 3476 nonmortuorvoluilsevideredicens.·
1835 3414 1986 3496 mnan,

249 3499 441 3585 Ceterum
456 3524 596 3612 magna
610 3498 784 3612 pecuniae
795 3500 853 3583 vis
871 3497 912 3580 in
924 3496 1050 3614 Regia
1057 3519 1207 3611 reperta
1218 3497 1296 3600 est,
1313 3499 1467 3614 (omnia
1480 3498 1584 3586 enim
1604 3497 1688 3585 fere
1706 3495 1829 3586 etiam
1872 3499 1901 3510 ”

192 3607 521 3702 ειιιᾶἰίῑῑιιιοιιιιιι
536 3608 947 3721 'templommdonaria
964 3607 1161 3696 sustulerat
1168 3611 1379 3725 Cleopatra
1385 3639 1432 3696 ac
1441 3611 1633 3698 Romanis
1640 3610 1829 3720 prauam,

193 3723 278 3808 fine
295 3721 464 3832 ipsorum
486 3719 623 3806 scelere
637 3719 771 3830 aliquo
785 3720 992 3805 adauxerat
1006 3717 1042 3830 ,)
1070 3720 1199 3808 multae
1213 3723 1329 3808 etiam
1345 3724 1394 3808 ab
1420 3721 1468 3806 iis
1483 3723 1553 3836 qui
1570 3720 1739 3806 criminin
1760 3717 1832 3804 ali·-

195 3829 646 4053 fflo'rlll‘lla‘as‘
661 3832 857 4026 ,llll
870 3829 1071 4024 tlnlll
1084 3829 1251 4026 llll
1267 3827 1835 4055 {llzlnlllllllm

602 3994 617 4039 ,
1525 4008 1535 4026 ,
1821 3983 1839 4006 .

196 4057 273 4141 bur
286 4051 469 4140 militibus
482 4049 669 4162 stipendia
678 4051 808 4136 debita
822 4073 1019 4135 numerata
1037 4050 1143 4137 sunt:
1171 4056 1241 4166 qui
1257 4057 1355 4138 vero
1369 4081 1458 4138 cunr
1466 4051 1617 4138 Caesare
1632 4076 1720 4136 tum
1737 4071 1839 4162 quo·

197 4190 280 4278 que
292 4185 432 4262 erant,
454 4161 631 4247 ducenos
648 4162 867 4273 quingenos
888 4159 1024 4274 srnguli
1039 4161 1218 4248 denarios
1235 4191 1449 4274 accepere,
1476 4189 1528 4248 ne
1543 4163 1678 4248 urbem
1695 4161 1839 4273 diripe·

196 4296 303 4362 rent:
328 4273 530 4368 omnibus,
557 4273 820 4382 quimutuum
842 4273 934 4356 ante
948 4271 1093 4383 aliquid
1110 4271 1320 4380 dedissent,
1345 4275 1388 4358 id
1403 4273 1621 4359 exsolutum
1635 4271 1707 4357 est:
1736 4269 1837 4356 mul·

196 4409 239 4472 ta
251 4383 497 4468 senatoribus
515 4409 561 4465 ac
579 4383 809 4494 Equitibus,
836 4382 906 4492 qui
921 4381 962 4463 in
979 4382 1067 4466 belli
1081 4382 1262 4470 societate
1276 4383 1458 4480 fuerant,
1485 4383 1592 4467 dona
1606 4384 1698 4468 data
1716 4379 1832 4478 sunt,

195 4497 239 4580 in
254 4494 433 4592 summa,
455 4493 667 4604 Imperium
695 4492 966 4576 Romanorum
992 4491 1158 4578 ditatum
1184 4495 1269 4592 est,
1296 4494 1522 4606 templaque
1549 4518 1687 4578 eorum
1713 4519 1829 4577 exor-
1927 4603 1935 4612 1

120 4817 126 4826 ¹
196 4627 437 4800 nat'faudem
459 4711 589 4840 Caesar
613 4708 829 4838 AEgpptum
851 4712 891 4795 in
904 4711 1137 4838 potestatem
1161 4713 1207 4798 P.
1222 4712 1396 4840 Romani
1417 4711 1566 4827 redegit
1580 4641 2017 4838 Olympiadeffiffil

199 4829 295 4931 187.
320 4851 428 4909 arrno
453 4822 554 4908 illruu
579 4835 893 4920 ternorn'eunre,
920 4823 1060 4909 scrlrcet
1085 4826 1215 4909 mense
1240 4823 1361 4908 seatrlr
1388 4829 1475 4909 eam
1507 4852 1558 4909 ue
1585 4827 1823 4910 tributariam

193 4935 395 5022 feritaret
418 4933 462 5018 P.
480 4935 707 5028 comeliurn
734 4933 891 5018 Gallum
908 4931 1106 5046 praefecit,
1131 4961 1251 5046 quem
1269 4934 1440 5046 primum
1518 4958 1661 5050 gyptuu
1677 4938 1825 5023 Roma·

192 5073 291 5132 num
309 5045 485 5154 Iudicem
500 5044 646 5130 babuit
674 5099 678 5108 ·
700 5044 836 5131 Poslea
852 5041 979 5130 Casar
992 5045 1085 5132 exiit
1101 5054 1140 5132 δι
1155 5045 1327 5132 Romam
1345 5073 1415 5162 pet
1431 5047 1582 5162 Syrium
1598 5047 1704 5136 abiit
1740 5047 1827 5137 Ro·

189 5157 299 5244 urani
314 5155 418 5244 diem
434 5182 518 5270 quo
537 5175 651 5269 capta
666 5151 739 5246 fuit
760 5155 1067 5245 Alexandria.
