4522 7070
632 317 1332 416 'PTOLEMAEU'SL
1419 409 1420 414 t
1758 345 1805 442 17

193 503 198 510 ·
234 467 492 566 submittente
512 469 628 583 igitur
643 470 792 552 animos
811 467 1004 578 exercitu,
1031 466 1255 580 Antigonus
1270 468 1499 554 concionem
1517 455 1709 570 advocat,
1737 471 1999 575 durnerunt,

168 585 497 679 ·cibusconsrlium
515 583 725 692 proponit,
753 603 881 662 utrum
909 601 1063 658 manete
1086 579 1263 688 praestet,
1297 589 1338 664 δι
1363 581 1683 694 belligerate,an
1704 603 1808 668 nunc
1819 595 1863 711 ⁸12:
1866 575 1933 710 <1¹¹¹

183 699 345 812 quidem
361 698 401 780 in
418 695 564 804 Syriam
583 691 747 786 reverti,
774 687 838 770 led
859 688 991 796 postea
1012 689 1158 810 ‘melius
1183 691 1387 774 inllrustos
1407 693 1668 806 redintegrare
1694 721 1811 804 ertpe-
1856 671 1864 709 ¹
1888 686 1897 705 ’

184 813 411 902 ditionem,
450 831 533 917 quo
556 826 734 912 tempore
771 801 939 880 minimae
957 799 1166 882 altitudinis
1192 801 1367 884 videatur
1397 801 1526 885 Nilus.
1580 805 1644 886 Ibi
1666 806 1812 890 tundis

186 921 238 1008 eb
268 917 477 1012 inclinatis,
505 919 544 994 &
564 926 680 1024 quam
703 905 885 1022 ocyllime
913 909 1061 990 abirent
1077 963 1090 1003 ,
1117 909 1202 994 vasa
1218 911 1356 997 milites
1375 913 1614 999 conclamare
1630 921 1669 998 bt
1685 915 1813 999 Classe
1944 953 1947 960 ⁴

178 1031 298 1116 limul
313 1053 435 1112 totam
456 1049 564 1110 oram
579 1025 753 1136 legente,
780 1020 952 1102 celeriter
966 1019 1111 1125 Syriam
1129 1023 1319 1132 repetivit.
1742 1105 1745 1114 ,
1875 1033 1887 1124 j
1944 1117 1946 1122 ¹

176 1169 182 1180 ·
235 1140 472 1225 *Ptolemaeus
494 1133 652 1216 discessu
671 1133 839 1216 hostium
870 1128 1036 1210 maxim&
1063 1131 1240 1230 laetatus,
1283 1131 1458 1218 instituto
1480 1132 1566 1220 Diis
1591 1137 1664 1219 suis
1684 1135 1894 1232 satcr0,1bid·

177 1281 264 1366 -pro
280 1247 475 1334 beneficiis
505 1243 701 1355 acceptis,
736 1240 977 1352 splendidum
1000 1243 1130 1325 amicis
1151 1245 1309 1352 epulum
1333 1245 1534 1340 exhibuit,
1562 1245 1739 1356 datisque
1761 1245 1814 1328 ad

161 1417 164 1423 v
187 1363 411 1455 Seleucum,
439 1354 735 1468 Lysimachum,
764 1360 802 1434 br
818 1348 1073 1434 Cassandrum
1092 1353 1230 1452 literis,
1257 1377 1340 1438 turn
1359 1355 1411 1438 de
1426 1355 1611 1467 prospero
1626 1356 1814 1452 succelsu,

177 1498 275 1560 «tum
294 1473 346 1555 de
359 1465 605 1553 multitudine
621 1461 902 1576 transfugarum
921 1486 991 1542 eos
1008 1465 1189 1548 certiores
1209 1463 1307 1549 fecit.
1363 1468 1449 1577 lple
1461 1467 1541 1574 jam
1558 1468 1678 1550 altero
1690 1466 1815 1578 AEgy-

155 1607 158 1614 ’
191 1609 305 1697 ptum
327 1579 535 1666 certamine
561 1597 707 1659 tutatus
736 1627 750 1669 ,
788 1573 951 1682 jamque
978 1575 1176 1680 regionem
1203 1573 1309 1658 hasta
1339 1601 1487 1686 partam
1519 1579 1605 1684 jure
1644 1577 1681 1658 se
1707 1601 1997 1690 tene-nurgum,

192 1723 236 1778 re
261 1693 476 1776 existimans
497 1681 987 1769 Alexandriamrrcrneavit.
1046 1685 1141 1767 Hoc
1164 1713 1269 1769 anno
1293 1687 1523 1771 Ptolemaeus
1552 1689 1814 1799 Geographus

190 1803 302 1916 quod
316 1803 356 1884 in
376 1800 466 1882 anni
489 1825 546 1899 ¹9·
562 1796 714 1880 initium
726 1799 837 1902 juxta
852 1790 954 1874 illius
973 1795 1138 1877 rationes
1157 1821 1375 1906 promovet.

247 1915 343 1996 Hoc
385 1935 489 1993 anno
528 1908 674 2015 incepit
712 1902 961 1992 Rhodiorum
995 1903 1136 1986 bellum
1172 1934 1260 1988 cum
1301 1908 1501 2020 Antigono
1533 1905 1594 1992 his
1639 1904 1692 1990 de
1725 1909 1967 1993 cau-P¹⁰¹·⁸⁰‘·

156 2019 251 2108 '.fis.
306 2020 559 2105 Rhodiorum
576 2038 660 2099 tum
675 2014 829 2109 civitas,
856 2013 1192 2126 navalibuscopiis
1213 2017 1412 2128 pollebat,
1447 2025 1486 2098 δι
1513 2017 1663 2126 optime
1691 2004 1987 2121 331311-ἰξίὀὲζῇὃι

194 2133 419 2218 nistrabatur
445 2131 543 2212 inter
561 2127 736 2210 Graecos·
787 2123 887 2208 Ideo
920 2125 1051 2235 Reges
1079 2134 1118 2208 &
1147 2129 1325 2236 Dynallae
1349 2129 1520 2210 certatim
1546 2127 1648 2210 illam
1675 2127 1981 2212 ambio-Plutarchi

160 2245 290 2328 ,bant
317 2298 330 2341 ,
371 2266 493 2350 quum
520 2237 692 2348 insuam
719 2233 979 2346 unusquisque
1005 2235 1212 2320 amicitiam
1248 2238 1469 2349 protrahere
1494 2239 1596 2320 illam
1636 2263 1819 2350 propera·

186 2377 266 2440 ret.
321 2350 475 2435 Rhodii
510 2349 646 2430 animis
685 2345 740 2429 ad
782 2345 1034 2428 Ptolemaeum
1055 2347 1197 2460 -magis
1246 2349 1487 2431 inclinabant.
1543 2347 1652 2430 Nam
1699 2351 1817 2432 marti·

160 2489 301 2550 mam
358 2459 658 2556 commodorum
678 2459 855 2539 -suorum
904 2479 1053 2562 partem
1091 2483 1141 2540 cx-
1180 2457 1361 2570 AEgypto
1399 2485 1469 2567 per
1503 2481 1733 2544 mercatores
1778 2466 1818 2541 dt

189 2597 461 2662 commeantes
502 2568 780 2678 accipiebant,
809 2568 997 2680 totique
1038 2565 1170 2651 civitas
1210 2569 1307 2651 illius
1344 2569 1476 2682 Regni
1517 2569 1658 2678 opibus
1693 2569 1818 2653 aleba-

193 2711 267 2773 1111.
881 2730 888 2745 ·

147 2809 150 2820 ’
196 2829 199 2838 ’
250 2794 475 2906 Antigonus
499 2787 686 2872 utillosi
708 2785 986 2896 conjundlione
1008 2799 1098 2870 cum
1128 2783 1344 2882 Ptolemaeo,
1359 2785 1630 2886 abstraherer,
1667 2793 2008 2880 maturentfflvtsst

191 2931 361 3018 «operam
377 2901 515 2996 dedit,
538 2900 760 2982 Demetrius
781 2895 831 2980 ad
846 2897 1004 2980 insulam
1022 2898 1199 3009 appulit,
1234 2900 1299 2983 sed
1322 2901 1477 2985 Rhodii
1496 2901 1562 2983 ubi
1588 2929 1723 3013 preces
1737 2891 1953 3012 nooffid

197 3016 323 3102 audiri
336 3012 491 3105 vident,
517 3010 665 3111 abjecta
680 3007 747 3118 spe
759 3007 1050 3117 compositionis
1066 3031 1183 3119 ‚per-
1194 3011 1343 3121 legatos
1360 3011 1411 3094 ad
1428 3012 1709 3108 Ptolemaeurn,
1746 3015 1823 3122 Ly·
1897 3017 1900 3028 '
1939 3017 1952 3026 ''
2058 3047 2061 3056 ¹

193 3123 442 3220 stmacbum',
468 3127 508 3202 δι
528 3119 966 3214 Cassandrummilsos,
991 3118 1373 3231 auxiliumpetunt,
1407 3123 1523 3234 qubd
1549 3145 1707 3236 propter
1730 3147 1824 3219 cos,
1857 3215 1862 3230 Ι

196 3239 292 3322 urba
311 3235 420 3320 bello
431 3252 699 3346 premeretur,
733 3228 784 3311 ad
798 3227 1198 3317 defenfionemurbis
1223 3231 1261 3312 se
1281 3253 1446 3340 parant,
1482 3235 1577 3317 dum
1596 3233 1825 3318 :Demetrius
1972 3291 1974 3294 -
2095 3289 2104 3318 ,

201 3365 508 3458 cneqppugnat:
546 3342 741 3424 auxiliares
758 3338 917 3447 quidam
934 3341 991 3421 ad
1007 3337 1142 3423 urbem
1162 3339 1360 3452 appellunt
1384 3367 1477 3447 150.
1501 3343 1699 3429 aCnosris
1732 3371 1822 3446 500.

195 3459 358 3572 pluresa
375 3453 587 3572 Ptolemaeo
604 3448 719 3548 miffi,
747 3449 846 3570 inter
854 3474 954 3570 quos
962 3450 1292 3564 Rhodiiquidam
1302 3504 1316 3548 ,
1344 3453 1451 3564 apud
1466 3455 1620 3569 Regem
1634 3451 1830 3568 stipendia-

196 3567 520 3661 facitutes'eranr.
677 3589 730 3600 ··
1034 3583 1042 3594 ”
1633 3587 1636 3592 ·
1899 3563 1912 3610 ·“
1946 3615 1975 3664 x
2011 3559 2019 3571 '

253 3679 394 3787 Qum
409 3673 669 3762 defenderent
682 3671 721 3758 se
739 3673 889 3760 sortiter
904 3671 1079 3774 Rhodii,
1118 3674 1298 3787 quamvis
1330 3671 1476 3761 nullum
1502 3703 1631 3792 operae
1656 3665 1971 3797 pretiumlwlyt

200 3790 429 3876 Demetrius.
444 3787 617 3884 faceret,
644 3787 887 3897 oppugnavit
909 3815 978 3871 cos
1001 3809 1130 3872 tamen
1153 3789 1270 3874 iratus
1294 3788 1410 3898 qubd
1429 3791 1718 3882 Menedemus,
1753 3761 1881 3896 qui²¹¹
1902 3762 1916 3804 ²
1939 3781 1949 3818 ⁸·

199 3902 324 3986 tribus
338 3922 498 4011 praeerat
513 3896 798 3991 trieremiolcis,
841 3895 974 3981 Patara
990 3899 1117 4008 Lyciae
1142 3900 1339 4007 profestus
1364 3899 1521 4012 cepisset
1543 3901 1827 4010 quadriremem

202 4039 252 4096 cx
273 4011 414 4096 Cilicia
435 4010 653 4094 uenientem
675 4060 702 4102 ,1
729 4033 818 4115 quae
841 4007 985 4091 vellem
1010 4009 1176 4120 Regiam
1202 4009 1396 4106 vehebat,
1438 4013 1685 4120 ceteramque
1707 4009 1831 4119 supel-

200 4121 406 4220 leblilem,
450 4147 568 4230 quam
602 4117 712 4200 Phila
730 4118 932 4202 Demetrii
963 4120 1143 4225 conjure,
1186 4119 1397 4229 impensrbs
1415 4121 1689 4216 adornatam,
1741 4117 1827 4200 viro

201 4232 360 4318 miserat.
416 4231 456 4316 Is
489 4231 667 4315 vestitum
690 4229 731 4344 in
759 4225 988 4342 AEgyptum,
1016 4228 1066 4311 ad
1102 4228 1356 4316 Ptolemaeum
1391 4231 1676 4342 deportandum
1719 4255 1826 4312 cura-

198 4367 316 4429 verat
385 4377 391 4388 ·
821 4365 823 4370 ·
1235 4359 1239 4368 ’

205 4527 211 4540 .
252 4451 484 4540 Ptolemaeus
504 4452 600 4538 verb
623 4477 846 4563 quanquam
866 4450 1038 4537 Rhodiis
1060 4451 1150 4534 ante
1166 4451 1388 4564 scripserat,
1414 4450 1524 4561 qubd
1553 4477 1729 4561 magnam
1751 4446 1868 4577 fruild
1889 4445 1970 4578 ‘tte
2016 4489 2026 4502 ·

201 4566 590 4674 menticopiam,‘&
610 4565 680 4646 tria
696 4563 861 4645 militum
887 4565 999 4645 millia
1022 4563 1195 4646 missurus
1219 4565 1344 4657 elset,
1379 4589 1505 4646 tamen
1530 4567 1656 4672 quiam
1683 4557 1828 4642 deinde
1872 4536 1925 4580 ¹¹
1947 4551 1955 4574 ⁶

199 4675 459 4770 consulerent,
486 4697 531 4757 ut
548 4675 692 4785 pastis,
720 4671 845 4756 stlieri
862 4675 1007 4784 pollet,
1035 4674 1293 4755 mediocribus
1319 4673 1585 4782 transgerent,
1613 4696 1749 4772 omnes
1776 4667 1828 4752 ad

198 4811 335 4898 pacem
351 4786 488 4867 animis
499 4787 716 4894 vergebant.
774 4782 872 4866 Ideo
889 4811 963 4893 pax
978 4783 1135 4866 tandem
1155 4785 1323 4865 Rhodiis
1336 4810 1424 4864 cum
1439 4784 1641 4864 Demetrio
1657 4781 1716 4862 his
1732 4805 1829 4884 cong
1891 4831 1895 4840 ·
1924 4849 1929 4860 .
1960 4833 1963 4840 ·

198 4896 417 4982 ditionibus
433 4897 526 4978 inita
540 4897 608 4978 est.
638 4895 701 4976 Ut
715 4890 772 4974 sui
786 4893 934 5001 juris&
950 4893 1094 5003 absque
1113 4892 1293 5002 praefidiis
1311 4892 1401 4974 urbs
1417 4889 1549 4989 foret,
1575 4891 1741 5003 subsque
1758 4889 1827 4971 sabi

198 5028 415 5116 prouentus
440 5005 612 5088 haberet:
671 5003 730 5086 Ut
751 5029 945 5088 armorum
962 5003 1184 5088 societatem
1209 5003 1413 5117 Antigono
1439 5003 1665 5113 praestaret,
1700 4998 1771 5082 nist
1796 4997 1825 5080 li

198 5116 413 5202 Ptolemaeo
421 5115 561 5199 bellum
578 5113 747 5197 inferret.

129 5312 133 5323 ,
254 5224 407 5310 Rhodii
419 5225 607 5338 pacehoc
620 5223 741 5306 modo
758 5221 878 5317 fasta,
900 5245 949 5307 ut
964 5222 1215 5309 Ptolemaeum
1232 5227 1375 5338 gratia,
1400 5221 1511 5333 quod
1528 5222 1952 5330 percupiebantmtrtor.
2095 5283 2099 5290 .

127 5350 131 5369 '
197 5337 439 5447 superarent,
466 5332 583 5418 millis
600 5337 642 5416 in
657 5333 824 5444 Libyam
840 5333 1034 5432 Theotis,
1062 5363 1108 5418 ex
1126 5335 1333 5418 Ammonis
1350 5334 1507 5416 oraculo
1523 5331 1824 5442 sciscitabantur,

195 5475 247 5532 au
270 5445 521 5530 Ptolemaeum
541 5445 596 5527 uti
614 5445 746 5527 Deum
767 5444 1032 5529 venerandum
1056 5443 1232 5530 censeat?
1260 5445 1360 5550 Quo
1380 5463 1602 5540 annuente,
1632 5442 1760 5523 lucum
1783 5443 1824 5524 in

196 5556 365 5644 ueneni
376 5556 600 5640 ‚consecrant
614 5555 864 5665 quadratam,
892 5557 1068 5638 extructa
1086 5555 1134 5639 ad
1153 5555 1467 5664 unumquodque
1493 5556 1591 5636 latus
1606 5553 1757 5666 porticu
1773 5551 1841 5660 ad·

194 5667 306 5751 stadii
329 5665 612 5776 longitudinem
631 5719 645 5760 ,
671 5693 790 5775 quam
809 5663 1062 5750 Ptolemaeum
1079 5666 1341 5778 indigitarunt.
1397 5663 1550 5750 Rhodii
1568 5669 1684 5749 etiam
1698 5661 1825 5746 Ptole·

195 5777 421 5970 paedlybegi
439 5775 584 5860 Soteris
597 5777 861 5888 cognomine,
897 5799 981 5860 tum
1005 5777 1174 5886 primitm
1195 5778 1436 5870 tribuerunt,
1470 5772 1587 5890 qubd
1609 5776 1742 5860 urbem
1762 5767 1909 5858 illene.
1924 5791 1983 5850 arr.

211 5915 300 5972 erra
329 5911 379 5972 et·
1085 5949 1089 5956 .
1188 5941 1193 5948 -
1340 5942 1345 5956 ·
1837 5905 1843 5914 ’

253 5998 355 6082 Hoc.
373 6019 477 6080 anno
503 5995 645 6108 Sicyon
677 5998 769 6080 urbs
796 6023 916 6107 quam
934 5994 1358 6109 praesrdiooccupabat
1377 5996 1607 6084 Ptolemaeus
1630 5999 1652 6080 d
1680 5999 1955 6095 Deme-mmm

198 6108 274 6196 trio
293 6106 438 6192 obsessa
464 6107 549 6203 est,
576 6109 709 6214 quum
742 6107 805 6190 ille
833 6107 976 6189 bellum
1008 6107 1225 6190 cassandro
1250 6107 1407 6192 inferret
1422 6109 1647 6224 Graecisque
1670 6110 1823 6194 liberta·

199 6225 282 6304 tem
322 6217 520 6302 restituere
563 6215 634 6299 fibi
669 6215 939 6328 proposuisset.
993 6219 1150 6328 Sicyoni
1181 6238 1340 6329 praeerat
1376 6243 1517 6330 magna
1548 6219 1717 6306 numinis
1748 6219 1825 6304 cla·
1929 6311 1932 6318 Δ

168 6330 310 6416 -utate
366 6327 533 6440 infignis
583 6327 786 6440 Philippus
823 6381 838 6426 ,
896 6353 1026 6439 quam,
1071 6331 1299 6520 noRuCex
1323 6329 1564 6441 ‚improviso
1594 6329 1821 6455 adortus,
1924 6389 1929 6400 .

1726 6459 1828 6524 tntra
