4490 7184
578 261 1300 372 .rronunusru
1733 299 1789 400 n

226 411 524 520 Quidamavitae
533 406 752 529 Religionis
761 411 1164 514 exoliconlenlerunt,
1200 413 1310 530 quafi
1339 409 1524 530 magnam
1546 415 1785 508 consecuturi
1800 425 1992 524 tomma-

172 525 293 612 elsent
307 553 356 612 ex
371 524 624 612 futumcumr
649 529 653 537 '
701 527 1051 612 communicatione
1067 526 1251 639 gloriam:
1277 527 1454 640 plerique
1467 527 1564 612 rcrd
1587 527 1782 618 fortitudi·
1799 525 1921 646 }2;‡¹¹·

168 661 262 720 nem
276 636 394 722 animi
408 636 626 720 obtinentes
673 638 818 748 pietate
826 661 906 720 non
916 635 1171 734 resederunt,
1197 636 1266 722 sed
1280 647 1401 722 vttam
1416 642 1578 748 pecunia
1593 641 1786 727 redimen-

165 767 250 844 tes,
276 741 733 858 &eosquideficiebanm
759 747 968 860 pungentis
979 743 1054 828 strae
1068 745 1245 832 hostibus
1259 747 1478 843 habebant,'
1502 751 1787 864 communique

165 855 665 942 excludebanteommercio
679 855 810 940 &usu
865 857 943 941 llis
956 853 1157 1047 inweffis
1174 860 1263 942 Rex
1280 856 1486 968 tantopere
1499 859 1617 944 iratus
1629 860 1717 959 est,
1744 883 1789 948 ut

163 995 247 1054 non
256 966 381 1054 modo
390 964 631 1049 Alexandria
641 964 937 1050 exerceretiram
945 965 1009 1049 lua
1061 1017 1076 1062 ‚
1116 965 1291 1052 edetiam
1300 968 1484 1078 reliquam
1493 969 1713 1083 AEgyptum
1728 973 1787 1056 in·

163 1075 1085 1188 nolentibnsgravioremseexltiberetinimicum,
1111 1077 1472 1190 omnesqueeodem
1491 1080 1786 1191 quamprimum

161 1209 428 1388 poffitpq
428 1183 630 1382 ltepteaffimo
638 1183 827 1298 supplicio
844 1185 1050 1274 erintolli
1054 1184 1235 1302 juberet,
1260 1187 1513 1302 miliaqueest
1528 1189 1590 1274 his
1604 1194 1787 1280 omuibus

307 1325 373 1383 ru
526 1358 537 1381 .
1063 1323 1065 1328 ·
1433 1325 1438 1333 ·
1638 1357 1642 1366 -

518 1515 632 1602 Rnx
659 1511 1011 1604 Pronuntnus
1036 1510 1405 1603 Ptrrnorarort
1510 1491 1516 1502 ⁵

273 1736 514 1934 omae
527 1734 711 1822 nunnus
725 1674 899 1848 qur'nnr
918 1735 960 1822 n
974 1734 1184 1852 AEgypro,
1211 1736 1445 1856 mgnrqne
1470 1739 1631 1828 mutem
1656 1771 1702 1831 ac
1726 1743 1781 1830 n·
1875 1821 1878 1830 .

403 1875 480 1934 ο,
1207 1875 1209 1882 ,
1832 1864 1842 1882 .

214 2034 523 2195 nospanusn
539 2064 770 2195 rumpimus
783 2039 1072 2260 sponsam
1088 2069 1131 2156 n
1147 2069 1314 2168 nram,
1340 2093 1385 2199 ur
1398 2069 1684 2267 pomereto,
1710 2073 1781 2158 es.

158 2207 240 2292 qne
262 2177 364 2265 dans
387 2182 500 2264 nobts
521 2178 546 2262 d
567 2175 654 2262 Drrs
677 2177 801 2262 rnolle
843 2206 871 2262 o
892 2180 1064 2279 auxum,
1098 2181 1315 2294 nostrisque
1337 2183 1409 2268 vrri
1436 2211 1482 2287 us
1512 2209 1561 2267 ex
1590 2181 1778 2288 sententia

159 2289 310 2387 nostra,
337 2287 609 2403 quamoptime
631 2285 902 2383 conteeant,
929 2291 1151 2400 putavimus
1167 2319 1251 2375 non
1267 2314 1461 2377 armorum
1480 2293 1683 2390 violentia,
1710 2291 1779 2377 sed

157 2396 793 2510 comnoemulnqnenumminte
801 2399 1111 2512 tractandoque
1119 2398 1779 2513 coelesyrunufnoeniriamhabi·

157 2533 406 2624 tantgentes,
434 2505 829 2636 lteneficiilqneultrd
850 2508 1090 2638 afficiendqs:
1114 2513 1320 2624 quumque
1336 2513 1492 2706 templis
1507 2514 1659 2598 urbium
1677 2511 1780 2600 redi·

159 2617 1680 2856 tulnltllnssllffmlnslll„illuminaturus‚
1726 2647 1781 2815 ²15.

158 2842 388 2927 morandum.
444 2845 499 2925 At
514 2838 567 2922 rllr
583 2843 710 2924 verbu
728 2838 912 2924 adventur
925 2839 1057 2926 nostro
1072 2842 1272 2952 gratulatir
1301 2842 1424 2957 reipsa
1441 2841 1535 2926 nihil
1554 2842 1698 2944 linccre
1719 2841 1778 2926 af·

155 2951 270 3049 fecti,
296 2975 421 3064 quum
431 2973 660 3061 cuperemus
668 2950 972 3060 adytumeotum
980 2951 1147 3064 ingredi,
1164 2949 1444 3066 idqueesimiis
1451 2951 1776 3064 ac'pulclrerrimis

154 3056 883 3172 condecoraredonatiis,antiquofastu
892 3061 1073 3169 permoti,
1087 3061 1776 3179 notingrcllnprohibuerunt,ignari

155 3169 505 3288 potentiaenostraet
530 3191 691 3282 propter
707 3196 795 3256 eam
814 3195 933 3282 quam
941 3169 1774 3260 omnibuslrominibusexlribemushumani·

27 3385 31 3392 ¹
156 3307 299 3372 tatem.
318 3305 443 3395 atque
456 3280 616 3364 inimico
632 3279 703 3366 suo
721 3282 847 3366 innos
865 3280 998 3366 animo
1012 3277 1383 3389 prandentem,
1407 3281 1517 3395 quafi
1535 3281 1658 3366 solum
1675 3311 1775 3398 gen·

153 3395 256 3481 tium
270 3393 369 3478 ferre
386 3389 594 3477 voluerunt
607 3415 687 3502 prae
706 3391 921 3518 luperbain
941 3393 1072 3504 Reges
1087 3395 1127 3473 dt
1141 3390 1194 3476 de
1216 3390 1260 3504 se
1278 3391 1381 3478 bend
1398 3395 1556 3480 meritos
1570 3413 1775 3478 oontuma·

150 3505 224 3592 cia.
280 3506 372 3590 Nos
387 3525 517 3588 tamen
531 3499 675 3588 horum
691 3491 767 3586 altr
781 3499 924 3588 munia
937 3521 955 3600 ‘,
981 3499 1191 3613 postquam
1209 3525 1402 3614 reportata
1413 3504 1573 3590 videmia
1593 3503 1774 3612 persenia

151 3639 243 3701 mus
264 3615 306 3700 in
332 3612 575 3725 AEgyptum,
608 3612 793 3696 comitate
807 3611 960 3698 utendo
973 3633 1066 3725 erga
1080 3637 1219 3710 omnes
1232 3636 1370 3728 gentes
1392 3611 1506 3726 quod
1531 3613 1686 3711 decuit,
1712 3611 1774 3700 fe·

151 3730 304 3812 cimus:
329 3749 448 3838 atque
466 3730 508 3808 in
523 3722 588 3810 tali
607 3748 649 3808 re
667 3722 950 3837 congeneribus
962 3745 1103 3808 eorum
1119 3723 1303 3836 omnibus
1324 3725 1550 3810 in'utiamm
1569 3722 1770 3811 obicione

142 3835 396 3951 promulgata
408 3833 560 3960 tarnob
580 3829 832 3931 societatem
856 3833 977 3942 quim
995 3829 1047 3916 ad
1070 3832 1295 3920 concredita
1310 3753 1403 3948 ipls
1420 3835 1470 3921 ab
1485 3833 1770 3948 initioperlim-

150 3949 363 4063 plicitatem
383 3943 531 4030 inlinrta
556 3945 718 4058 negotia-
737 3942 817 4027 auli
843 3941 983 4029 smtem
999 3967 1138 4028 eorum
1153 3967 1325 4044 mutare,
1353 3953 1395 4030 tc
1410 3970 1480 4031 eos
1499 3945 1653 4030 civitate
1675 3945 1770 4030 Ale-

149 4059 430 4146 xandrinorum
441 4053 591 4168 dignari
603 4055 784 4140 volumus
803 4075 924 4166 atque
937 4055 979 4138 in
990 4053 1229 4140 consortium
1247 4057 1426 4166 perpetui
1438 4054 1649 4142 Sacerdotii
1673 4057 1768 4141 reci·

149 4195 257 4284 pere.
313 4172 369 4254 llt
387 4165 440 4250 illi
455 4189 535 4249 rem
552 4165 687 4252 contri
701 4165 994 4276 interpretantes
1021 4168 1062 4246 δι
1080 4165 1220 4284 bono,
1246 4165 1453 4280 congenita
1471 4163 1541 4249 fibi
1555 4164 1767 4277 pravitate,

148 4277 377 4392 repudiato,
402 4277 443 4360 in
459 4275 603 4360 malurn
620 4273 766 4360 allidue
781 4273 999 4385 proclives,
1026 4301 1110 4358 non
1125 4273 1250 4360 modi>
1268 4274 1765 4388 recusarunrnontempom

147 4389 413 4504 ignominiose
428 4387 647 4483 civitatem,
681 4383 749 4469 sed
768 4385 887 4470 ctiam
910 4383 1037 4470 verbis
1050 4391 1093 4468 δι
1108 4412 1150 4472 re
1164 4407 1311 4500 paucos
1323 4413 1372 4470 ex
1387 4383 1643 4498 ipfissmcert
1671 4409 1765 4500 erga

150 4527 227 4611 nos
241 4501 430 4586 animatos
448 4494 564 4581 finem
579 4493 863 4582 consecuturos.
914 4497 1169 4609 Quapropter
1185 4496 1446 4582 consecuturis
1453 4497 1675 4607 perluasum
1690 4523 1765 4607 op-

152 4611 249 4698 timd
281 4609 467 4693 habentes
500 4608 575 4692 hos
612 4606 797 4692 omnibus
828 4603 956 4692 modis
987 4630 1079 4718 erga
1112 4633 1186 4692 nos
1218 4607 1322 4692 male
1357 4604 1434 4706 dle
1469 4606 1685 4703 animatos,
1720 4611 1762 4690 dt

180 4718 425 4831 respicientes
440 4717 664 4827 nequando
687 4715 894 4825 repentino
910 4714 1073 4829 posthac
1093 4737 1231 4803 exorto
1257 4717 1456 4834 tumultu,
1481 4717 1524 4798 in
1553 4739 1665 4830 tergo
1689 4741 1763 4802 no·

149 4749 212 4917 lis
227 4833 393 4916 babeant
408 4827 663 4936 impiosillos
687 4824 906 4936 proditores
922 4834 1138 4934 &atroces
1160 4827 1302 4912 nonen
1356 4824 1630 4910 Mandandum
1649 4835 1764 4938 puta·

149 4943 301 5036 vimus,
327 4962 372 5025 ut
386 4938 496 5023 srmul
511 4961 632 5049 atque
646 4936 816 5048 primum
831 4935 917 5022 lraec
929 4934 1083 5022 reddita
1098 4931 1214 5022 luerit
1230 4935 1411 5048 epistola,
1437 4937 1581 5020 endem
1593 4935 1660 5022 illo
1674 4937 1763 5036 die,

149 5050 222 5166 qui
243 5049 405 5162 judicati
428 5051 613 5147 fuerunt,
647 5053 726 5131 und
748 5075 839 5132 cum
856 5049 1040 5132 uxoribus
1056 5054 1096 5132 dt
1110 5045 1264 5145 liberis,
1290 5073 1382 5134 cum
1400 5046 1763 5133 violentisvexatio·

147 5159 283 5256 nibus,
307 5159 443 5244 ferreis
460 5157 637 5270 undique
650 5157 816 5244 vinculis
831 5157 1028 5242 conunui
1044 5157 1243 5244 mittantur
1267 5157 1319 5241 ad
1343 5183 1419 5242 nos
1436 5155 1487 5240 ad
1504 5154 1766 5242 inevitabilem
1901 5159 1923 5181 ‘

147 5272 404 5360 calamitatem
421 5276 462 5354 δι
478 5267 528 5352 ad
542 5267 728 5354 infamem
743 5267 890 5353 caedenr
908 5267 1084 5352 hostibus
1106 5287 1396 5382 congruentem.
1452 5267 1561 5354 Nam
1579 5267 1689 5352 fimul
1711 5288 1770 5353 at·

178 5407 230 5466 uc
254 5383 297 5464 in
323 5381 398 5466 hos
420 5375 536 5463 luerit
558 5376 864 5465 animadversum
917 5401 1070 5467 utamus
1097 5376 1184 5466 fore
1201 5401 1246 5464 ut
1269 5378 1313 5461 in
1337 5377 1533 5490 posterum
1559 5378 1772 5462 resnollrae

145 5415 272 5623 labili
286 5497 328 5574 dt
348 5487 670 5614 optimolocoac
685 5489 783 5620 statu
797 5515 872 5576 con
909 5491 917 5506 '
946 5511 1086 5617 anem.
1139 5487 1273 5598 Qud
1290 5485 1320 5572 fi
1337 5487 1427 5598 quis
1437 5486 1620 5602 Judaeum
1663 5511 1772 5612 uem-

144 5607 288 5802 ιιι
301 5597 1771 5836 nlnnrrnntunrdnunur

141 5819 980 6047 llstindffinltnnlml
993 5819 1767 6039 pggdmoppgnpgqfflqfflgffig

143 6043 304 6131 nabitur.
358 6043 504 6125 Omnis
515 6061 645 6126 autem
659 6041 768 6126 locus
782 6041 923 6154 inquo
936 6037 1199 6152 deprehensus
1212 5983 1378 6126 omnmo
1397 6035 1685 6163 fucritJudaeus
1698 6063 1761 6128 te·

142 6177 301 6271 ceptus,
327 6148 656 6264 indesolatusigni
665 6145 1461 6348 tradaturadpc'rpetuumtcmpusinutilu.

1676 6259 1762 6368 Aug
