<?xml version="1.0" encoding="UTF-8"?>
<!DOCTYPE html PUBLIC "-//W3C//DTD XHTML 1.0 Transitional//EN"
    "http://www.w3.org/TR/xhtml1/DTD/xhtml1-transitional.dtd">
<html xmlns="http://www.w3.org/1999/xhtml" xml:lang="en" lang="en">
 <head>
  <title>
</title>
<meta http-equiv="Content-Type" content="text/html;charset=utf-8" />
  <meta name='ocr-system' content='tesseract 3.04.00' />
  <meta name='ocr-capabilities' content='ocr_page ocr_carea ocr_par ocr_line ocrx_word'/>
</head>
<body>
  <div class='ocr_page' id='page_1' title='image "./historiaptolemo00conggoog_0035.png"; bbox 0 0 4522 7070; ppageno 0'>
   <div class='ocr_carea' id='block_1_1' title="bbox 306 347 1572 510">
    <p class='ocr_par' dir='ltr' id='par_1_1' title="bbox 306 347 1572 510">
     <span class='ocr_line' id='line_1_1' title="bbox 306 347 1572 510; baseline -0.011 -4"><span class='ocrx_word' id='word_1_1' title='bbox 306 477 307 480; x_wconf 13' lang='grc' dir='ltr'><strong>κ</strong></span> <span class='ocrx_word' id='word_1_2' title='bbox 435 427 463 504; x_wconf 85' lang='lat' dir='ltr'>r</span> <span class='ocrx_word' id='word_1_3' title='bbox 566 397 567 400; x_wconf 67' lang='lat'>‘</span> <span class='ocrx_word' id='word_1_4' title='bbox 869 347 1572 510; x_wconf 54' lang='grc' dir='ltr'>ιΡτοιιιιιιιιιιει.</span> 
     </span>
    </p>
   </div>
   <div class='ocr_carea' id='block_1_2' title="bbox 192 535 2073 994">
    <p class='ocr_par' dir='ltr' id='par_1_2' title="bbox 245 535 2073 656">
     <span class='ocr_line' id='line_1_2' title="bbox 245 535 2073 656; baseline -0.003 -23"><span class='ocrx_word' id='word_1_5' title='bbox 245 593 364 656; x_wconf 58' lang='lat' dir='ltr'>mm</span> <span class='ocrx_word' id='word_1_6' title='bbox 365 595 428 653; x_wconf 60' lang='lat' dir='ltr'>AR,</span> <span class='ocrx_word' id='word_1_7' title='bbox 437 547 690 635; x_wconf 76' lang='lat' dir='ltr'>Ptolemaeum</span> <span class='ocrx_word' id='word_1_8' title='bbox 710 547 912 632; x_wconf 86' lang='lat' dir='ltr'>inclinant:</span> <span class='ocrx_word' id='word_1_9' title='bbox 939 571 1019 630; x_wconf 87' lang='lat' dir='ltr'>nox</span> <span class='ocrx_word' id='word_1_10' title='bbox 1034 566 1077 627; x_wconf 96' lang='lat' dir='ltr'>ut</span> <span class='ocrx_word' id='word_1_11' title='bbox 1097 543 1268 656; x_wconf 77' lang='lat' dir='ltr'>ingruit,</span> <span class='ocrx_word' id='word_1_12' title='bbox 1294 547 1415 629; x_wconf 90' lang='lat' dir='ltr'>caslta</span> <span class='ocrx_word' id='word_1_13' title='bbox 1432 535 1717 628; x_wconf 74' lang='lat' dir='ltr'>lamentationis</span> <span class='ocrx_word' id='word_1_14' title='bbox 1735 551 1774 628; x_wconf 78' lang='grc' dir='ltr'>δι</span> <span class='ocrx_word' id='word_1_15' title='bbox 1800 541 1930 654; x_wconf 78' lang='lat' dir='ltr'>luslus</span> <span class='ocrx_word' id='word_1_16' title='bbox 1957 545 2073 654; x_wconf 82' lang='lat' dir='ltr'>plena</span> 
     </span>
    </p>

    <p class='ocr_par' dir='ltr' id='par_1_3' title="bbox 247 655 2069 880">
     <span class='ocr_line' id='line_1_3' title="bbox 247 655 2069 770; baseline -0.004 -20"><span class='ocrx_word' id='word_1_17' title='bbox 247 691 292 733; x_wconf 79' lang='lat' dir='ltr'>nr.</span> <span class='ocrx_word' id='word_1_18' title='bbox 315 691 341 749; x_wconf 77' lang='grc' dir='ltr'>ι·</span> <span class='ocrx_word' id='word_1_19' title='bbox 439 685 570 758; x_wconf 89' lang='lat' dir='ltr'>erant,</span> <span class='ocrx_word' id='word_1_20' title='bbox 596 659 709 770; x_wconf 78' lang='lat' dir='ltr'>quod</span> <span class='ocrx_word' id='word_1_21' title='bbox 727 684 787 743; x_wconf 89' lang='lat' dir='ltr'>tot</span> <span class='ocrx_word' id='word_1_22' title='bbox 802 660 872 740; x_wconf 81' lang='lat' dir='ltr'>riri</span> <span class='ocrx_word' id='word_1_23' title='bbox 899 680 977 742; x_wconf 90' lang='lat' dir='ltr'>tarn</span> <span class='ocrx_word' id='word_1_24' title='bbox 993 655 1276 766; x_wconf 85' lang='lat' dir='ltr'>contemptim,</span> <span class='ocrx_word' id='word_1_25' title='bbox 1311 657 1455 765; x_wconf 84' lang='lat' dir='ltr'>absque</span> <span class='ocrx_word' id='word_1_26' title='bbox 1478 655 1567 736; x_wconf 89' lang='lat' dir='ltr'>ullo</span> <span class='ocrx_word' id='word_1_27' title='bbox 1585 655 1702 740; x_wconf 86' lang='lat' dir='ltr'>bullis</span> <span class='ocrx_word' id='word_1_28' title='bbox 1719 655 1824 749; x_wconf 79' lang='lat' dir='ltr'>iun,</span> <span class='ocrx_word' id='word_1_29' title='bbox 1850 655 2069 763; x_wconf 80' lang='lat' dir='ltr'>periissent:</span> 
     </span>
     <span class='ocr_line' id='line_1_4' title="bbox 351 763 1631 880; baseline -0.007 -25"><span class='ocrx_word' id='word_1_30' title='bbox 351 811 355 822; x_wconf 95' lang='lat'>·</span> <span class='ocrx_word' id='word_1_31' title='bbox 439 772 539 856; x_wconf 89' lang='lat' dir='ltr'>inter</span> <span class='ocrx_word' id='word_1_32' title='bbox 583 781 656 855; x_wconf 85' lang='lat' dir='ltr'>uo’s</span> <span class='ocrx_word' id='word_1_33' title='bbox 671 798 753 852; x_wconf 90' lang='lat' dir='ltr'>non</span> <span class='ocrx_word' id='word_1_34' title='bbox 769 770 972 880; x_wconf 86' lang='lat' dir='ltr'>pauciores</span> <span class='ocrx_word' id='word_1_35' title='bbox 988 767 1092 847; x_wconf 90' lang='lat' dir='ltr'>mille</span> <span class='ocrx_word' id='word_1_36' title='bbox 1111 767 1134 848; x_wconf 75' lang='lat' dir='ltr'>i</span> <span class='ocrx_word' id='word_1_37' title='bbox 1157 763 1289 848; x_wconf 83' lang='lat' dir='ltr'>belluis</span> <span class='ocrx_word' id='word_1_38' title='bbox 1304 765 1425 849; x_wconf 88' lang='lat' dir='ltr'>essent</span> <span class='ocrx_word' id='word_1_39' title='bbox 1439 763 1631 877; x_wconf 90' lang='lat' dir='ltr'>deglutiti.</span> 
     </span>
    </p>

    <p class='ocr_par' dir='ltr' id='par_1_4' title="bbox 192 801 2069 994">
     <span class='ocr_line' id='line_1_5' title="bbox 192 801 2069 994; baseline -0.009 -16"><span class='ocrx_word' id='word_1_40' title='bbox 192 987 193 992; x_wconf 8' lang='lat' dir='ltr'>y</span> <span class='ocrx_word' id='word_1_41' title='bbox 250 916 323 977; x_wconf 77' lang='lat' dir='ltr'>tutu.</span> <span class='ocrx_word' id='word_1_42' title='bbox 495 801 613 964; x_wconf 70' lang='lat' dir='ltr'>Mdti</span> <span class='ocrx_word' id='word_1_43' title='bbox 631 881 745 994; x_wconf 86' lang='lat' dir='ltr'>igitur</span> <span class='ocrx_word' id='word_1_44' title='bbox 760 878 905 962; x_wconf 91' lang='lat' dir='ltr'>ducum</span> <span class='ocrx_word' id='word_1_45' title='bbox 922 899 1111 961; x_wconf 88' lang='lat' dir='ltr'>coeuntes</span> <span class='ocrx_word' id='word_1_46' title='bbox 1129 872 1351 960; x_wconf 83' lang='lat' dir='ltr'>Perdiccam</span> <span class='ocrx_word' id='word_1_47' title='bbox 1371 874 1562 958; x_wconf 83' lang='lat' dir='ltr'>incusant:</span> <span class='ocrx_word' id='word_1_48' title='bbox 1586 877 1757 984; x_wconf 63' lang='lat' dir='ltr'>,totoque</span> <span class='ocrx_word' id='word_1_49' title='bbox 1772 874 1950 985; x_wconf 89' lang='lat' dir='ltr'>peditum</span> <span class='ocrx_word' id='word_1_50' title='bbox 1966 873 2069 986; x_wconf 84' lang='lat' dir='ltr'>pha·</span> 
     </span>
    </p>
   </div>
   <div class='ocr_carea' id='block_1_3' title="bbox 249 977 2074 3299">
    <p class='ocr_par' dir='ltr' id='par_1_5' title="bbox 437 977 2071 1096">
     <span class='ocr_line' id='line_1_6' title="bbox 437 977 2071 1096; baseline -0.004 -20"><span class='ocrx_word' id='word_1_51' title='bbox 437 993 525 1076; x_wconf 88' lang='lat' dir='ltr'>lanx</span> <span class='ocrx_word' id='word_1_52' title='bbox 541 991 733 1086; x_wconf 87' lang='lat' dir='ltr'>alienata,</span> <span class='ocrx_word' id='word_1_53' title='bbox 762 989 916 1074; x_wconf 86' lang='lat' dir='ltr'>fremitu</span> <span class='ocrx_word' id='word_1_54' title='bbox 934 977 1125 1096; x_wconf 86' lang='lat' dir='ltr'>minisque</span> <span class='ocrx_word' id='word_1_55' title='bbox 1139 985 1373 1069; x_wconf 83' lang='lat' dir='ltr'>inimicitiam</span> <span class='ocrx_word' id='word_1_56' title='bbox 1390 987 1494 1067; x_wconf 91' lang='lat' dir='ltr'>suam</span> <span class='ocrx_word' id='word_1_57' title='bbox 1513 985 1672 1096; x_wconf 63' lang='lat' dir='ltr'>prodit„</span> <span class='ocrx_word' id='word_1_58' title='bbox 1709 984 1866 1067; x_wconf 90' lang='lat' dir='ltr'>Ducum</span> <span class='ocrx_word' id='word_1_59' title='bbox 1881 1013 1982 1096; x_wconf 88' lang='lat' dir='ltr'>ergo</span> <span class='ocrx_word' id='word_1_60' title='bbox 1993 1014 2071 1096; x_wconf 91' lang='lat' dir='ltr'>pn·</span> 
     </span>
    </p>

    <p class='ocr_par' dir='ltr' id='par_1_6' title="bbox 345 1093 2072 1204">
     <span class='ocr_line' id='line_1_7' title="bbox 345 1093 2072 1204; baseline -0.005 -17"><span class='ocrx_word' id='word_1_61' title='bbox 345 1115 347 1119; x_wconf 83' lang='lat'>&#39;</span> <span class='ocrx_word' id='word_1_62' title='bbox 438 1127 569 1188; x_wconf 91' lang='lat' dir='ltr'>mores</span> <span class='ocrx_word' id='word_1_63' title='bbox 584 1100 634 1184; x_wconf 86' lang='lat' dir='ltr'>a&#39;d</span> <span class='ocrx_word' id='word_1_64' title='bbox 658 1122 814 1184; x_wconf 90' lang='lat' dir='ltr'>centum</span> <span class='ocrx_word' id='word_1_65' title='bbox 838 1125 1001 1181; x_wconf 92' lang='lat' dir='ltr'>numero</span> <span class='ocrx_word' id='word_1_66' title='bbox 1029 1093 1268 1189; x_wconf 89' lang='lat' dir='ltr'>desciscunt,</span> <span class='ocrx_word' id='word_1_67' title='bbox 1295 1097 1394 1178; x_wconf 90' lang='lat' dir='ltr'>inter</span> <span class='ocrx_word' id='word_1_68' title='bbox 1411 1122 1514 1204; x_wconf 88' lang='lat' dir='ltr'>quos</span> <span class='ocrx_word' id='word_1_69' title='bbox 1538 1093 1786 1178; x_wconf 87' lang='lat' dir='ltr'>nobilillimus</span> <span class='ocrx_word' id='word_1_70' title='bbox 1811 1118 1894 1179; x_wconf 90' lang='lat' dir='ltr'>erat</span> <span class='ocrx_word' id='word_1_71' title='bbox 1927 1097 2072 1187; x_wconf 82' lang='lat' dir='ltr'>Pitho,</span> 
     </span>
    </p>

    <p class='ocr_par' dir='ltr' id='par_1_7' title="bbox 439 1203 2072 1324">
     <span class='ocr_line' id='line_1_8' title="bbox 439 1203 2072 1324; baseline -0.004 -29"><span class='ocrx_word' id='word_1_72' title='bbox 439 1215 511 1324; x_wconf 90' lang='lat' dir='ltr'>qui</span> <span class='ocrx_word' id='word_1_73' title='bbox 526 1215 687 1296; x_wconf 83' lang='lat' dir='ltr'>Graecos</span> <span class='ocrx_word' id='word_1_74' title='bbox 705 1209 792 1318; x_wconf 85' lang='lat' dir='ltr'>poll</span> <span class='ocrx_word' id='word_1_75' title='bbox 808 1208 1069 1295; x_wconf 74' lang='lat' dir='ltr'>defeRionem</span> <span class='ocrx_word' id='word_1_76' title='bbox 1090 1203 1320 1300; x_wconf 85' lang='lat' dir='ltr'>deballarat,</span> <span class='ocrx_word' id='word_1_77' title='bbox 1348 1205 1441 1286; x_wconf 91' lang='lat' dir='ltr'>nulli</span> <span class='ocrx_word' id='word_1_78' title='bbox 1466 1206 1676 1288; x_wconf 90' lang='lat' dir='ltr'>amicorum</span> <span class='ocrx_word' id='word_1_79' title='bbox 1695 1205 1904 1287; x_wconf 83' lang='lat' dir='ltr'>Alexandri</span> <span class='ocrx_word' id='word_1_80' title='bbox 1921 1207 2072 1290; x_wconf 82' lang='lat' dir='ltr'>virtute</span> 
     </span>
    </p>

    <p class='ocr_par' dir='ltr' id='par_1_8' title="bbox 440 1314 2074 1435">
     <span class='ocr_line' id='line_1_9' title="bbox 440 1314 2074 1435; baseline -0.006 -29"><span class='ocrx_word' id='word_1_81' title='bbox 440 1331 480 1406; x_wconf 77' lang='grc' dir='ltr'>δι</span> <span class='ocrx_word' id='word_1_82' title='bbox 496 1323 616 1435; x_wconf 89' lang='lat' dir='ltr'>gloria</span> <span class='ocrx_word' id='word_1_83' title='bbox 633 1319 835 1404; x_wconf 90' lang='lat' dir='ltr'>secundus.</span> <span class='ocrx_word' id='word_1_84' title='bbox 890 1317 1065 1402; x_wconf 84' lang='lat' dir='ltr'>Polibaec</span> <span class='ocrx_word' id='word_1_85' title='bbox 1081 1315 1261 1426; x_wconf 87' lang='lat' dir='ltr'>equitum</span> <span class='ocrx_word' id='word_1_86' title='bbox 1275 1316 1450 1397; x_wconf 92' lang='lat' dir='ltr'>nonnulli</span> <span class='ocrx_word' id='word_1_87' title='bbox 1466 1315 1749 1426; x_wconf 85' lang='lat' dir='ltr'>conspiratione</span> <span class='ocrx_word' id='word_1_88' title='bbox 1759 1314 1883 1408; x_wconf 74' lang='lat' dir='ltr'>falia,</span> <span class='ocrx_word' id='word_1_89' title='bbox 1911 1317 1966 1396; x_wconf 90' lang='lat' dir='ltr'>ad</span> <span class='ocrx_word' id='word_1_90' title='bbox 1982 1315 2074 1400; x_wconf 90' lang='lat' dir='ltr'>Per·</span> 
     </span>
    </p>

    <p class='ocr_par' dir='ltr' id='par_1_9' title="bbox 440 1423 2072 1535">
     <span class='ocr_line' id='line_1_10' title="bbox 440 1423 2072 1535; baseline -0.006 -19"><span class='ocrx_word' id='word_1_91' title='bbox 440 1433 558 1518; x_wconf 84' lang='lat' dir='ltr'>diccae</span> <span class='ocrx_word' id='word_1_92' title='bbox 572 1432 782 1516; x_wconf 87' lang='lat' dir='ltr'>tentorium</span> <span class='ocrx_word' id='word_1_93' title='bbox 802 1426 840 1511; x_wconf 93' lang='lat' dir='ltr'>se</span> <span class='ocrx_word' id='word_1_94' title='bbox 854 1427 1088 1520; x_wconf 88' lang='lat' dir='ltr'>conferunt,</span> <span class='ocrx_word' id='word_1_95' title='bbox 1118 1433 1159 1507; x_wconf 74' lang='lat' dir='ltr'>bt</span> <span class='ocrx_word' id='word_1_96' title='bbox 1180 1423 1361 1508; x_wconf 78' lang='lat' dir='ltr'>confeuo</span> <span class='ocrx_word' id='word_1_97' title='bbox 1387 1426 1585 1535; x_wconf 90' lang='lat' dir='ltr'>manipulo</span> <span class='ocrx_word' id='word_1_98' title='bbox 1610 1423 1832 1535; x_wconf 80' lang='lat' dir='ltr'>oppressum</span> <span class='ocrx_word' id='word_1_99' title='bbox 1860 1427 2072 1509; x_wconf 89' lang='lat' dir='ltr'>trucidant.</span> 
     </span>
    </p>

    <p class='ocr_par' dir='ltr' id='par_1_10' title="bbox 252 1531 2071 1750">
     <span class='ocr_line' id='line_1_11' title="bbox 252 1531 2071 1649; baseline -0.005 -20"><span class='ocrx_word' id='word_1_100' title='bbox 252 1551 338 1610; x_wconf 71' lang='lat' dir='ltr'>Corn·</span> <span class='ocrx_word' id='word_1_101' title='bbox 353 1544 518 1628; x_wconf 71' lang='lat' dir='ltr'>NeuAlii</span> <span class='ocrx_word' id='word_1_102' title='bbox 540 1540 765 1626; x_wconf 83' lang='lat' dir='ltr'>Perdiccam</span> <span class='ocrx_word' id='word_1_103' title='bbox 784 1538 889 1649; x_wconf 87' lang='lat' dir='ltr'>apud</span> <span class='ocrx_word' id='word_1_104' title='bbox 914 1537 1062 1624; x_wconf 90' lang='lat' dir='ltr'>flumen</span> <span class='ocrx_word' id='word_1_105' title='bbox 1077 1535 1219 1620; x_wconf 90' lang='lat' dir='ltr'>Nilum</span> <span class='ocrx_word' id='word_1_106' title='bbox 1238 1541 1262 1618; x_wconf 76' lang='lat' dir='ltr'>a</span> <span class='ocrx_word' id='word_1_107' title='bbox 1280 1531 1492 1620; x_wconf 81' lang='lat' dir='ltr'>Ptolemaeo</span> <span class='ocrx_word' id='word_1_108' title='bbox 1520 1542 1561 1616; x_wconf 75' lang='lat' dir='ltr'>uc</span> <span class='ocrx_word' id='word_1_109' title='bbox 1584 1541 1787 1648; x_wconf 74' lang='lat' dir='ltr'>Antigono</span> <span class='ocrx_word' id='word_1_110' title='bbox 1816 1533 2071 1622; x_wconf 69' lang='lat' dir='ltr'>interfectura</span> 
     </span>
     <span class='ocr_line' id='line_1_12' title="bbox 437 1656 1843 1750; baseline -0.009 -13"><span class='ocrx_word' id='word_1_111' title='bbox 437 1656 614 1750; x_wconf 76' lang='lat' dir='ltr'>scribunt.</span> <span class='ocrx_word' id='word_1_112' title='bbox 1630 1705 1636 1718; x_wconf 88' lang='lat'><strong>.</strong></span> <span class='ocrx_word' id='word_1_113' title='bbox 1836 1713 1843 1724; x_wconf 93' lang='lat'>.</span> 
     </span>
    </p>

    <p class='ocr_par' dir='ltr' id='par_1_11' title="bbox 249 1753 2069 1874">
     <span class='ocr_line' id='line_1_13' title="bbox 249 1753 2069 1874; baseline -0.004 -24"><span class='ocrx_word' id='word_1_114' title='bbox 249 1795 368 1855; x_wconf 72' lang='lat' dir='ltr'>nroror.</span> <span class='ocrx_word' id='word_1_115' title='bbox 380 1799 409 1858; x_wconf 74' lang='lat' dir='ltr'>a</span> <span class='ocrx_word' id='word_1_116' title='bbox 424 1753 436 1776; x_wconf 65' lang='grc'>”</span> <span class='ocrx_word' id='word_1_117' title='bbox 494 1761 678 1849; x_wconf 85' lang='lat' dir='ltr'>Postridie</span> <span class='ocrx_word' id='word_1_118' title='bbox 701 1759 906 1874; x_wconf 78' lang='lat' dir='ltr'>congressis</span> <span class='ocrx_word' id='word_1_119' title='bbox 929 1761 979 1844; x_wconf 92' lang='lat' dir='ltr'>ad</span> <span class='ocrx_word' id='word_1_120' title='bbox 995 1759 1226 1846; x_wconf 86' lang='lat' dir='ltr'>concionem</span> <span class='ocrx_word' id='word_1_121' title='bbox 1245 1756 1459 1852; x_wconf 70' lang='lat' dir='ltr'>militibus,</span> <span class='ocrx_word' id='word_1_122' title='bbox 1486 1755 1719 1839; x_wconf 75' lang='lat' dir='ltr'>Ptolemaeus</span> <span class='ocrx_word' id='word_1_123' title='bbox 1733 1758 1784 1840; x_wconf 92' lang='lat' dir='ltr'>ad</span> <span class='ocrx_word' id='word_1_124' title='bbox 1796 1760 1928 1871; x_wconf 80' lang='lat' dir='ltr'>Reges</span> <span class='ocrx_word' id='word_1_125' title='bbox 1946 1760 2069 1844; x_wconf 89' lang='lat' dir='ltr'>trans·</span> 
     </span>
    </p>

    <p class='ocr_par' dir='ltr' id='par_1_12' title="bbox 251 1867 2068 1982">
     <span class='ocr_line' id='line_1_14' title="bbox 251 1867 2068 1982; baseline -0.004 -23"><span class='ocrx_word' id='word_1_126' title='bbox 251 1873 358 1932; x_wconf 52' lang='grc' dir='ltr'>ΛΜ·</span> <span class='ocrx_word' id='word_1_127' title='bbox 440 1873 551 1958; x_wconf 87' lang='lat' dir='ltr'>misso</span> <span class='ocrx_word' id='word_1_128' title='bbox 566 1874 665 1955; x_wconf 90' lang='lat' dir='ltr'>Nilo</span> <span class='ocrx_word' id='word_1_129' title='bbox 683 1871 878 1982; x_wconf 78' lang='lat' dir='ltr'>profesius</span> <span class='ocrx_word' id='word_1_130' title='bbox 897 1873 981 1968; x_wconf 82' lang='lat' dir='ltr'>est,</span> <span class='ocrx_word' id='word_1_131' title='bbox 1008 1869 1202 1980; x_wconf 88' lang='lat' dir='ltr'>donisque</span> <span class='ocrx_word' id='word_1_132' title='bbox 1229 1869 1413 1953; x_wconf 90' lang='lat' dir='ltr'>allatis&amp;</span> <span class='ocrx_word' id='word_1_133' title='bbox 1434 1867 1548 1950; x_wconf 87' lang='lat' dir='ltr'>variis</span> <span class='ocrx_word' id='word_1_134' title='bbox 1572 1891 1734 1975; x_wconf 91' lang='lat' dir='ltr'>quoque</span> <span class='ocrx_word' id='word_1_135' title='bbox 1760 1869 1957 1980; x_wconf 79' lang='lat' dir='ltr'>obsequiis</span> <span class='ocrx_word' id='word_1_136' title='bbox 1987 1893 2068 1952; x_wconf 89' lang='lat' dir='ltr'>tam</span> 
     </span>
    </p>

    <p class='ocr_par' dir='ltr' id='par_1_13' title="bbox 431 1977 2067 2091">
     <span class='ocr_line' id='line_1_15' title="bbox 431 1977 2067 2091; baseline -0.003 -23"><span class='ocrx_word' id='word_1_137' title='bbox 431 2013 506 2068; x_wconf 82' lang='lat' dir='ltr'>eos</span> <span class='ocrx_word' id='word_1_138' title='bbox 561 1987 649 2066; x_wconf 73' lang='lat' dir='ltr'>uim</span> <span class='ocrx_word' id='word_1_139' title='bbox 666 2005 815 2065; x_wconf 88' lang='lat' dir='ltr'>ceteros</span> <span class='ocrx_word' id='word_1_140' title='bbox 833 1981 1099 2065; x_wconf 85' lang='lat' dir='ltr'>Macedonum</span> <span class='ocrx_word' id='word_1_141' title='bbox 1123 2005 1302 2091; x_wconf 82' lang='lat' dir='ltr'>proceres</span> <span class='ocrx_word' id='word_1_142' title='bbox 1316 2001 1488 2062; x_wconf 85' lang='lat' dir='ltr'>amanter</span> <span class='ocrx_word' id='word_1_143' title='bbox 1506 1977 1731 2084; x_wconf 88' lang='lat' dir='ltr'>complexus</span> <span class='ocrx_word' id='word_1_144' title='bbox 1750 1979 1815 2061; x_wconf 88' lang='lat' dir='ltr'>est.</span> <span class='ocrx_word' id='word_1_145' title='bbox 1871 1983 1921 2063; x_wconf 79' lang='lat' dir='ltr'>br</span> <span class='ocrx_word' id='word_1_146' title='bbox 1937 1982 2067 2089; x_wconf 82' lang='lat' dir='ltr'>quum</span> 
     </span>
    </p>

    <p class='ocr_par' dir='ltr' id='par_1_14' title="bbox 436 2013 2068 2277">
     <span class='ocr_line' id='line_1_16' title="bbox 436 2013 2068 2277; baseline -0.003 -99"><span class='ocrx_word' id='word_1_147' title='bbox 436 2101 459 2178; x_wconf 78' lang='lat' dir='ltr'>ai</span> <span class='ocrx_word' id='word_1_148' title='bbox 480 2013 634 2177; x_wconf 63' lang='lat' dir='ltr'>lebeta</span> <span class='ocrx_word' id='word_1_149' title='bbox 652 2089 885 2184; x_wconf 83' lang='lat' dir='ltr'>excusasset,</span> <span class='ocrx_word' id='word_1_150' title='bbox 922 2093 1012 2201; x_wconf 89' lang='lat' dir='ltr'>quia</span> <span class='ocrx_word' id='word_1_151' title='bbox 1033 2111 1273 2174; x_wconf 86' lang='lat' dir='ltr'>commeatus</span> <span class='ocrx_word' id='word_1_152' title='bbox 1291 2086 1516 2183; x_wconf 82' lang='lat' dir='ltr'>defecerat,</span> <span class='ocrx_word' id='word_1_153' title='bbox 1543 2087 1684 2277; x_wconf 77' lang='lat' dir='ltr'>largam</span> <span class='ocrx_word' id='word_1_154' title='bbox 1698 2087 1884 2172; x_wconf 84' lang='lat' dir='ltr'>&#39;frumenti</span> <span class='ocrx_word' id='word_1_155' title='bbox 1907 2093 2068 2201; x_wconf 90' lang='lat' dir='ltr'>copiam</span> 
     </span>
    </p>

    <p class='ocr_par' dir='ltr' id='par_1_15' title="bbox 435 2197 2068 2310">
     <span class='ocr_line' id='line_1_17' title="bbox 435 2197 2068 2310; baseline -0.003 -21"><span class='ocrx_word' id='word_1_156' title='bbox 435 2206 619 2289; x_wconf 89' lang='lat' dir='ltr'>exercitui</span> <span class='ocrx_word' id='word_1_157' title='bbox 637 2201 950 2296; x_wconf 80' lang='lat' dir='ltr'>subministravit,</span> <span class='ocrx_word' id='word_1_158' title='bbox 978 2201 1136 2310; x_wconf 85' lang='lat' dir='ltr'>aliisque</span> <span class='ocrx_word' id='word_1_159' title='bbox 1156 2200 1371 2284; x_wconf 72' lang='lat' dir='ltr'>necessariis</span> <span class='ocrx_word' id='word_1_160' title='bbox 1392 2199 1512 2281; x_wconf 86' lang='lat' dir='ltr'>calita</span> <span class='ocrx_word' id='word_1_161' title='bbox 1537 2197 1708 2306; x_wconf 81' lang='lat' dir='ltr'>repetit.</span> <span class='ocrx_word' id='word_1_162' title='bbox 1765 2199 1878 2306; x_wconf 84' lang='lat' dir='ltr'>Qtin</span> <span class='ocrx_word' id='word_1_163' title='bbox 1899 2205 1939 2280; x_wconf 78' lang='lat' dir='ltr'>bt</span> <span class='ocrx_word' id='word_1_164' title='bbox 1959 2201 2068 2310; x_wconf 88' lang='lat' dir='ltr'>ipso·</span> 
     </span>
    </p>

    <p class='ocr_par' dir='ltr' id='par_1_16' title="bbox 434 2307 2071 2419">
     <span class='ocr_line' id='line_1_18' title="bbox 434 2307 2071 2419; baseline -0.004 -19"><span class='ocrx_word' id='word_1_165' title='bbox 434 2343 520 2400; x_wconf 93' lang='lat' dir='ltr'>rum</span> <span class='ocrx_word' id='word_1_166' title='bbox 539 2316 727 2398; x_wconf 84' lang='lat' dir='ltr'>Perdiccae</span> <span class='ocrx_word' id='word_1_167' title='bbox 747 2313 958 2394; x_wconf 86' lang='lat' dir='ltr'>amicorum</span> <span class='ocrx_word' id='word_1_168' title='bbox 978 2313 1100 2395; x_wconf 88' lang='lat' dir='ltr'>vicem</span> <span class='ocrx_word' id='word_1_169' title='bbox 1117 2311 1251 2394; x_wconf 88' lang='lat' dir='ltr'>dolere</span> <span class='ocrx_word' id='word_1_170' title='bbox 1266 2311 1304 2392; x_wconf 91' lang='lat' dir='ltr'>se</span> <span class='ocrx_word' id='word_1_171' title='bbox 1318 2307 1442 2418; x_wconf 86' lang='lat' dir='ltr'>palam</span> <span class='ocrx_word' id='word_1_172' title='bbox 1467 2307 1662 2392; x_wconf 88' lang='lat' dir='ltr'>ostendit:</span> <span class='ocrx_word' id='word_1_173' title='bbox 1691 2335 1780 2390; x_wconf 92' lang='lat' dir='ltr'>nam</span> <span class='ocrx_word' id='word_1_174' title='bbox 1805 2310 1999 2417; x_wconf 89' lang='lat' dir='ltr'>plurimos</span> <span class='ocrx_word' id='word_1_175' title='bbox 2023 2313 2071 2419; x_wconf 67' lang='lat' dir='ltr'>iu⁸</span> 
     </span>
    </p>

    <p class='ocr_par' dir='ltr' id='par_1_17' title="bbox 433 2418 2066 2538">
     <span class='ocr_line' id='line_1_19' title="bbox 433 2418 2066 2538; baseline -0.002 -29"><span class='ocrx_word' id='word_1_176' title='bbox 433 2426 615 2538; x_wconf 84' lang='lat' dir='ltr'>AEgypto</span> <span class='ocrx_word' id='word_1_177' title='bbox 631 2425 841 2505; x_wconf 83' lang='lat' dir='ltr'>amicorum</span> <span class='ocrx_word' id='word_1_178' title='bbox 857 2421 1047 2505; x_wconf 82' lang='lat' dir='ltr'>Perdicca</span> <span class='ocrx_word' id='word_1_179' title='bbox 1058 2418 1299 2532; x_wconf 25' lang='lat' dir='ltr'>&#39;fidelrssimos</span> <span class='ocrx_word' id='word_1_180' title='bbox 1315 2425 1354 2500; x_wconf 81' lang='lat' dir='ltr'>bt</span> <span class='ocrx_word' id='word_1_181' title='bbox 1371 2418 1539 2502; x_wconf 92' lang='lat' dir='ltr'>sororem</span> <span class='ocrx_word' id='word_1_182' title='bbox 1564 2421 1649 2525; x_wconf 85' lang='lat' dir='ltr'>ejus</span> <span class='ocrx_word' id='word_1_183' title='bbox 1676 2418 1894 2524; x_wconf 83' lang='lat' dir='ltr'>Atalantam</span> <span class='ocrx_word' id='word_1_184' title='bbox 1913 2422 2066 2506; x_wconf 90' lang='lat' dir='ltr'>occisos</span> 
     </span>
    </p>

    <p class='ocr_par' dir='ltr' id='par_1_18' title="bbox 432 2527 2066 2646">
     <span class='ocr_line' id='line_1_20' title="bbox 432 2527 2066 2646; baseline -0.002 -26"><span class='ocrx_word' id='word_1_185' title='bbox 432 2559 612 2620; x_wconf 84' lang='lat' dir='ltr'>narrant:</span> <span class='ocrx_word' id='word_1_186' title='bbox 649 2533 958 2646; x_wconf 85' lang='lat' dir='ltr'>quibuscumque</span> <span class='ocrx_word' id='word_1_187' title='bbox 974 2556 1103 2615; x_wconf 89' lang='lat' dir='ltr'>aurern</span> <span class='ocrx_word' id='word_1_188' title='bbox 1128 2529 1415 2628; x_wconf 85' lang='lat' dir='ltr'>Macedonibus</span> <span class='ocrx_word' id='word_1_189' title='bbox 1434 2527 1646 2640; x_wconf 89' lang='lat' dir='ltr'>periculum</span> <span class='ocrx_word' id='word_1_190' title='bbox 1673 2530 1832 2637; x_wconf 88' lang='lat' dir='ltr'>aliquod</span> <span class='ocrx_word' id='word_1_191' title='bbox 1856 2532 2066 2620; x_wconf 85' lang='lat' dir='ltr'>imminere</span> 
     </span>
    </p>

    <p class='ocr_par' dir='ltr' id='par_1_19' title="bbox 326 2638 2065 2753">
     <span class='ocr_line' id='line_1_21' title="bbox 326 2638 2065 2753; baseline -0.003 -23"><span class='ocrx_word' id='word_1_192' title='bbox 326 2742 327 2745; x_wconf 8' lang='lat' dir='ltr'>y</span> <span class='ocrx_word' id='word_1_193' title='bbox 430 2647 650 2740; x_wconf 88' lang='lat' dir='ltr'>videretur,</span> <span class='ocrx_word' id='word_1_194' title='bbox 668 2644 822 2728; x_wconf 83' lang='lat' dir='ltr'>cosdem</span> <span class='ocrx_word' id='word_1_195' title='bbox 842 2643 906 2726; x_wconf 89' lang='lat' dir='ltr'>ille</span> <span class='ocrx_word' id='word_1_196' title='bbox 922 2669 1029 2724; x_wconf 88' lang='lat' dir='ltr'>omnr</span> <span class='ocrx_word' id='word_1_197' title='bbox 1047 2644 1113 2753; x_wconf 89' lang='lat' dir='ltr'>spe</span> <span class='ocrx_word' id='word_1_198' title='bbox 1124 2670 1169 2725; x_wconf 93' lang='lat' dir='ltr'>ac</span> <span class='ocrx_word' id='word_1_199' title='bbox 1186 2644 1451 2726; x_wconf 85' lang='lat' dir='ltr'>rationemetu</span> <span class='ocrx_word' id='word_1_200' title='bbox 1468 2638 1625 2723; x_wconf 85' lang='lat' dir='ltr'>liberare</span> <span class='ocrx_word' id='word_1_201' title='bbox 1637 2640 1781 2722; x_wconf 89' lang='lat' dir='ltr'>studuit</span> <span class='ocrx_word' id='word_1_202' title='bbox 1811 2641 2065 2751; x_wconf 88' lang='lat' dir='ltr'>Quanquam</span> 
     </span>
    </p>

    <p class='ocr_par' dir='ltr' id='par_1_20' title="bbox 428 2751 2062 2868">
     <span class='ocr_line' id='line_1_22' title="bbox 428 2751 2062 2868; baseline -0.002 -30"><span class='ocrx_word' id='word_1_203' title='bbox 428 2756 682 2868; x_wconf 73' lang='lat' dir='ltr'>vero&#39;gratia,</span> <span class='ocrx_word' id='word_1_204' title='bbox 709 2753 899 2865; x_wconf 88' lang='lat' dir='ltr'>quaapud</span> <span class='ocrx_word' id='word_1_205' title='bbox 917 2754 1202 2836; x_wconf 89' lang='lat' dir='ltr'>multitudinem</span> <span class='ocrx_word' id='word_1_206' title='bbox 1217 2753 1391 2847; x_wconf 88' lang='lat' dir='ltr'>valebat,</span> <span class='ocrx_word' id='word_1_207' title='bbox 1418 2753 1749 2861; x_wconf 87' lang='lat' dir='ltr'>Regumtutelam</span> <span class='ocrx_word' id='word_1_208' title='bbox 1768 2751 1975 2839; x_wconf 85' lang='lat' dir='ltr'>vendicare</span> <span class='ocrx_word' id='word_1_209' title='bbox 1990 2753 2062 2836; x_wconf 92' lang='lat' dir='ltr'>libi</span> 
     </span>
    </p>

    <p class='ocr_par' dir='ltr' id='par_1_21' title="bbox 428 2861 2065 2976">
     <span class='ocr_line' id='line_1_23' title="bbox 428 2861 2065 2976; baseline -0.001 -26"><span class='ocrx_word' id='word_1_210' title='bbox 428 2865 610 2951; x_wconf 75' lang='lat' dir='ltr'>facillime</span> <span class='ocrx_word' id='word_1_211' title='bbox 627 2863 834 2976; x_wconf 80' lang='lat' dir='ltr'>potuisset,¹</span> <span class='ocrx_word' id='word_1_212' title='bbox 855 2863 1015 2947; x_wconf 79' lang='lat' dir='ltr'>consilio</span> <span class='ocrx_word' id='word_1_213' title='bbox 1031 2889 1158 2947; x_wconf 86' lang='lat' dir='ltr'>tamen</span> <span class='ocrx_word' id='word_1_214' title='bbox 1175 2867 1244 2947; x_wconf 90' lang='lat' dir='ltr'>suo</span> <span class='ocrx_word' id='word_1_215' title='bbox 1258 2862 1409 2964; x_wconf 87' lang='lat' dir='ltr'>effecit,</span> <span class='ocrx_word' id='word_1_216' title='bbox 1436 2886 1481 2944; x_wconf 91' lang='lat' dir='ltr'>ut</span> <span class='ocrx_word' id='word_1_217' title='bbox 1497 2863 1622 2971; x_wconf 80' lang='lat' dir='ltr'>quirin</span> <span class='ocrx_word' id='word_1_218' title='bbox 1637 2862 1954 2944; x_wconf 90' lang='lat' dir='ltr'>deliberationem</span> <span class='ocrx_word' id='word_1_219' title='bbox 1972 2861 2065 2948; x_wconf 89' lang='lat' dir='ltr'>Ma·</span> 
     </span>
    </p>

    <p class='ocr_par' dir='ltr' id='par_1_22' title="bbox 271 2957 2062 3084">
     <span class='ocr_line' id='line_1_24' title="bbox 271 2957 2062 3084; baseline -0.002 -22"><span class='ocrx_word' id='word_1_220' title='bbox 271 3021 274 3028; x_wconf 52' lang='lat'><strong><em>¹</em></strong></span> <span class='ocrx_word' id='word_1_221' title='bbox 429 2978 601 3078; x_wconf 81' lang='lat' dir='ltr'>cedoncs</span> <span class='ocrx_word' id='word_1_222' title='bbox 616 2975 848 3084; x_wconf 88' lang='lat' dir='ltr'>deimperio</span> <span class='ocrx_word' id='word_1_223' title='bbox 859 2975 1159 3084; x_wconf 76' lang='lat' dir='ltr'>proposurllent,</span> <span class='ocrx_word' id='word_1_224' title='bbox 1186 2997 1324 3058; x_wconf 80' lang='lat' dir='ltr'>omnes</span> <span class='ocrx_word' id='word_1_225' title='bbox 1339 2957 1688 3082; x_wconf 66' lang='lat' dir='ltr'>propensrsbnimis</span> <span class='ocrx_word' id='word_1_226' title='bbox 1699 2971 1905 3054; x_wconf 85' lang='lat' dir='ltr'>Pithonem</span> <span class='ocrx_word' id='word_1_227' title='bbox 1921 2983 1963 3058; x_wconf 76' lang='lat' dir='ltr'>ur</span> <span class='ocrx_word' id='word_1_228' title='bbox 1975 2977 2062 3058; x_wconf 82' lang='lat' dir='ltr'>Ari-</span> 
     </span>
    </p>

    <p class='ocr_par' dir='ltr' id='par_1_23' title="bbox 426 3083 2063 3200">
     <span class='ocr_line' id='line_1_25' title="bbox 426 3083 2063 3200; baseline 0.001 -29"><span class='ocrx_word' id='word_1_229' title='bbox 426 3087 575 3183; x_wconf 86' lang='lat' dir='ltr'>daeum,</span> <span class='ocrx_word' id='word_1_230' title='bbox 606 3091 763 3200; x_wconf 86' lang='lat' dir='ltr'>Regum</span> <span class='ocrx_word' id='word_1_231' title='bbox 781 3085 925 3167; x_wconf 85' lang='lat' dir='ltr'>Aridaei</span> <span class='ocrx_word' id='word_1_232' title='bbox 953 3093 992 3166; x_wconf 77' lang='grc' dir='ltr'>δι</span> <span class='ocrx_word' id='word_1_233' title='bbox 1014 3084 1225 3169; x_wconf 85' lang='lat' dir='ltr'>Alexandri</span> <span class='ocrx_word' id='word_1_234' title='bbox 1239 3085 1349 3196; x_wconf 89' lang='lat' dir='ltr'>pueri</span> <span class='ocrx_word' id='word_1_235' title='bbox 1367 3104 1562 3167; x_wconf 84' lang='lat' dir='ltr'>curatores</span> <span class='ocrx_word' id='word_1_236' title='bbox 1576 3110 1666 3168; x_wconf 92' lang='lat' dir='ltr'>cum</span> <span class='ocrx_word' id='word_1_237' title='bbox 1682 3083 1857 3192; x_wconf 90' lang='lat' dir='ltr'>suprema</span> <span class='ocrx_word' id='word_1_238' title='bbox 1867 3088 2063 3194; x_wconf 84' lang='lat' dir='ltr'>potestate</span> 
     </span>
    </p>

    <p class='ocr_par' dir='ltr' id='par_1_24' title="bbox 405 3193 1633 3299">
     <span class='ocr_line' id='line_1_26' title="bbox 405 3193 1633 3299; baseline -0.011 -13"><span class='ocrx_word' id='word_1_239' title='bbox 405 3220 623 3294; x_wconf 83' lang='lat' dir='ltr'>crearent,</span> <span class='ocrx_word' id='word_1_240' title='bbox 651 3205 691 3280; x_wconf 91' lang='lat'>&amp;</span> <span class='ocrx_word' id='word_1_241' title='bbox 706 3197 830 3298; x_wconf 90' lang='lat' dir='ltr'>copiis</span> <span class='ocrx_word' id='word_1_242' title='bbox 852 3194 1056 3293; x_wconf 86' lang='lat' dir='ltr'>universrs,</span> <span class='ocrx_word' id='word_1_243' title='bbox 1084 3195 1273 3279; x_wconf 85' lang='lat' dir='ltr'>Perdiccae</span> <span class='ocrx_word' id='word_1_244' title='bbox 1289 3195 1376 3278; x_wconf 92' lang='lat' dir='ltr'>loco</span> <span class='ocrx_word' id='word_1_245' title='bbox 1389 3193 1633 3299; x_wconf 84' lang='lat' dir='ltr'>praelicerent.</span> 
     </span>
    </p>
   </div>
   <div class='ocr_carea' id='block_1_4' title="bbox 240 3273 2210 3533">
    <p class='ocr_par' dir='ltr' id='par_1_25' title="bbox 240 3273 2210 3533">
     <span class='ocr_line' id='line_1_27' title="bbox 240 3273 2210 3416; baseline -0.007 -18"><span class='ocrx_word' id='word_1_246' title='bbox 240 3339 358 3402; x_wconf 66' lang='lat' dir='ltr'>tauros.</span> <span class='ocrx_word' id='word_1_247' title='bbox 480 3311 620 3412; x_wconf 77' lang='lat' dir='ltr'>Quum</span> <span class='ocrx_word' id='word_1_248' title='bbox 641 3307 756 3392; x_wconf 89' lang='lat' dir='ltr'>Pitho</span> <span class='ocrx_word' id='word_1_249' title='bbox 772 3313 812 3389; x_wconf 76' lang='grc' dir='ltr'>δι</span> <span class='ocrx_word' id='word_1_250' title='bbox 828 3307 1003 3391; x_wconf 82' lang='lat' dir='ltr'>Aridaeus</span> <span class='ocrx_word' id='word_1_251' title='bbox 1028 3307 1051 3390; x_wconf 78' lang='lat' dir='ltr'>d</span> <span class='ocrx_word' id='word_1_252' title='bbox 1077 3304 1177 3392; x_wconf 91' lang='lat' dir='ltr'>Nilo</span> <span class='ocrx_word' id='word_1_253' title='bbox 1191 3333 1279 3390; x_wconf 92' lang='lat' dir='ltr'>cum</span> <span class='ocrx_word' id='word_1_254' title='bbox 1302 3305 1478 3416; x_wconf 82' lang='lat' dir='ltr'>Regibus</span> <span class='ocrx_word' id='word_1_255' title='bbox 1495 3303 1680 3414; x_wconf 75' lang='lat' dir='ltr'>professi,</span> <span class='ocrx_word' id='word_1_256' title='bbox 1707 3305 1747 3386; x_wconf 90' lang='lat' dir='ltr'>in</span> <span class='ocrx_word' id='word_1_257' title='bbox 1768 3273 2060 3416; x_wconf 84' lang='lat' dir='ltr'>Triparadisum</span> <span class='ocrx_word' id='word_1_258' title='bbox 2209 3293 2210 3384; x_wconf 61' lang='grc' dir='ltr'>ζ</span> 
     </span>
     <span class='ocr_line' id='line_1_28' title="bbox 422 3413 2133 3533; baseline -0.004 -27"><span class='ocrx_word' id='word_1_259' title='bbox 422 3423 541 3533; x_wconf 81' lang='lat' dir='ltr'>syria</span> <span class='ocrx_word' id='word_1_260' title='bbox 556 3419 834 3528; x_wconf 74' lang='lat' dir='ltr'>pervenissent,</span> <span class='ocrx_word' id='word_1_261' title='bbox 862 3420 916 3496; x_wconf 89' lang='lat' dir='ltr'>ibi</span> <span class='ocrx_word' id='word_1_262' title='bbox 935 3415 1101 3499; x_wconf 78' lang='lat' dir='ltr'>Pithone</span> <span class='ocrx_word' id='word_1_263' title='bbox 1117 3421 1171 3498; x_wconf 94' lang='lat' dir='ltr'>ob</span> <span class='ocrx_word' id='word_1_264' title='bbox 1190 3417 1409 3498; x_wconf 81' lang='lat' dir='ltr'>uuridicem</span> <span class='ocrx_word' id='word_1_265' title='bbox 1425 3413 1569 3498; x_wconf 83' lang='lat' dir='ltr'>Aridaei</span> <span class='ocrx_word' id='word_1_266' title='bbox 1586 3440 1747 3498; x_wconf 89' lang='lat' dir='ltr'>uxorem</span> <span class='ocrx_word' id='word_1_267' title='bbox 1764 3413 1922 3526; x_wconf 88' lang='lat' dir='ltr'>Regum</span> <span class='ocrx_word' id='word_1_268' title='bbox 1939 3419 2061 3502; x_wconf 87' lang='lat' dir='ltr'>tutela</span> <span class='ocrx_word' id='word_1_269' title='bbox 2129 3448 2133 3454; x_wconf 93' lang='lat'><em>·</em></span> 
     </span>
    </p>
   </div>
   <div class='ocr_carea' id='block_1_5' title="bbox 427 3523 2059 3632">
    <p class='ocr_par' dir='ltr' id='par_1_26' title="bbox 427 3523 2059 3632">
     <span class='ocr_line' id='line_1_29' title="bbox 427 3523 2059 3632; baseline -0.001 -18"><span class='ocrx_word' id='word_1_270' title='bbox 427 3536 467 3614; x_wconf 80' lang='lat' dir='ltr'>le</span> <span class='ocrx_word' id='word_1_271' title='bbox 486 3530 709 3625; x_wconf 84' lang='lat' dir='ltr'>abdicante,</span> <span class='ocrx_word' id='word_1_272' title='bbox 738 3523 980 3610; x_wconf 89' lang='lat' dir='ltr'>Macedones</span> <span class='ocrx_word' id='word_1_273' title='bbox 999 3529 1247 3630; x_wconf 89' lang='lat' dir='ltr'>Antrpauum</span> <span class='ocrx_word' id='word_1_274' title='bbox 1269 3549 1358 3608; x_wconf 91' lang='lat' dir='ltr'>cum</span> <span class='ocrx_word' id='word_1_275' title='bbox 1377 3523 1523 3606; x_wconf 90' lang='lat' dir='ltr'>summa</span> <span class='ocrx_word' id='word_1_276' title='bbox 1540 3525 1731 3632; x_wconf 85' lang='lat' dir='ltr'>potestate</span> <span class='ocrx_word' id='word_1_277' title='bbox 1745 3548 1962 3611; x_wconf 83' lang='lat' dir='ltr'>curatorem</span> <span class='ocrx_word' id='word_1_278' title='bbox 1982 3533 2059 3614; x_wconf 92' lang='lat' dir='ltr'>ele·</span> 
     </span>
    </p>
   </div>
   <div class='ocr_carea' id='block_1_6' title="bbox 426 3631 2210 3862">
    <p class='ocr_par' dir='ltr' id='par_1_27' title="bbox 426 3631 2210 3862">
     <span class='ocr_line' id='line_1_30' title="bbox 426 3631 2101 3837; baseline -0.002 -111"><span class='ocrx_word' id='word_1_279' title='bbox 426 3665 589 3837; x_wconf 74' lang='lat' dir='ltr'>gerunt,</span> <span class='ocrx_word' id='word_1_280' title='bbox 616 3639 687 3750; x_wconf 91' lang='lat' dir='ltr'>qui</span> <span class='ocrx_word' id='word_1_281' title='bbox 696 3639 949 3744; x_wconf 88' lang='lat' dir='ltr'>Satrapiarum</span> <span class='ocrx_word' id='word_1_282' title='bbox 968 3635 1068 3720; x_wconf 67' lang='lat' dir='ltr'>fabia</span> <span class='ocrx_word' id='word_1_283' title='bbox 1086 3637 1227 3722; x_wconf 85' lang='lat' dir='ltr'>iterum</span> <span class='ocrx_word' id='word_1_284' title='bbox 1242 3637 1469 3746; x_wconf 85' lang='lat' dir='ltr'>partitione,</span> <span class='ocrx_word' id='word_1_285' title='bbox 1497 3633 1710 3720; x_wconf 80' lang='lat' dir='ltr'>Ptolemaeo</span> <span class='ocrx_word' id='word_1_286' title='bbox 1724 3634 1900 3762; x_wconf 88' lang='lat' dir='ltr'>quidem,</span> <span class='ocrx_word' id='word_1_287' title='bbox 1935 3631 2058 3748; x_wconf 88' lang='lat' dir='ltr'>quam</span> <span class='ocrx_word' id='word_1_288' title='bbox 2098 3731 2101 3739; x_wconf 53' lang='grc'>,</span> 
     </span>
     <span class='ocr_line' id='line_1_31' title="bbox 459 3746 2210 3862; baseline -0.001 -26"><span class='ocrx_word' id='word_1_289' title='bbox 459 3780 508 3836; x_wconf 92' lang='lat' dir='ltr'>uc</span> <span class='ocrx_word' id='word_1_290' title='bbox 528 3754 650 3862; x_wconf 91' lang='lat' dir='ltr'>usque</span> <span class='ocrx_word' id='word_1_291' title='bbox 669 3771 862 3843; x_wconf 87' lang='lat' dir='ltr'>tenuerat,</span> <span class='ocrx_word' id='word_1_292' title='bbox 889 3746 1097 3859; x_wconf 81' lang='lat' dir='ltr'>affignavir.</span> <span class='ocrx_word' id='word_1_293' title='bbox 1124 3747 1228 3831; x_wconf 88' lang='lat' dir='ltr'>Fieri</span> <span class='ocrx_word' id='word_1_294' title='bbox 1244 3747 1348 3829; x_wconf 89' lang='lat' dir='ltr'>enim</span> <span class='ocrx_word' id='word_1_295' title='bbox 1362 3773 1447 3828; x_wconf 88' lang='lat' dir='ltr'>non</span> <span class='ocrx_word' id='word_1_296' title='bbox 1469 3765 1651 3855; x_wconf 88' lang='lat' dir='ltr'>poterat,</span> <span class='ocrx_word' id='word_1_297' title='bbox 1679 3769 1721 3829; x_wconf 90' lang='lat' dir='ltr'>ut</span> <span class='ocrx_word' id='word_1_298' title='bbox 1736 3755 1767 3828; x_wconf 79' lang='grc' dir='ltr'>ιε’</span> <span class='ocrx_word' id='word_1_299' title='bbox 1782 3748 2059 3836; x_wconf 81' lang='lat' dir='ltr'>alibtran&#39;sfer·</span> <span class='ocrx_word' id='word_1_300' title='bbox 2209 3817 2210 3820; x_wconf 25' lang='grc' dir='ltr'>ι</span> 
     </span>
    </p>
   </div>
   <div class='ocr_carea' id='block_1_7' title="bbox 294 3855 2058 4290">
    <p class='ocr_par' dir='ltr' id='par_1_28' title="bbox 294 3855 2058 4290">
     <span class='ocr_line' id='line_1_32' title="bbox 294 3855 2057 3972; baseline -0.002 -26"><span class='ocrx_word' id='word_1_301' title='bbox 294 3889 297 3896; x_wconf 49' lang='lat'><em>¹</em></span> <span class='ocrx_word' id='word_1_302' title='bbox 425 3886 552 3959; x_wconf 92' lang='lat' dir='ltr'>retur,</span> <span class='ocrx_word' id='word_1_303' title='bbox 579 3883 785 3972; x_wconf 91' lang='lat' dir='ltr'>propterea</span> <span class='ocrx_word' id='word_1_304' title='bbox 800 3857 917 3970; x_wconf 81' lang='lat' dir='ltr'>quod</span> <span class='ocrx_word' id='word_1_305' title='bbox 939 3867 1001 3940; x_wconf 91' lang='lat' dir='ltr'>lua</span> <span class='ocrx_word' id='word_1_306' title='bbox 1019 3855 1137 3966; x_wconf 80' lang='lat' dir='ltr'>ipsius</span> <span class='ocrx_word' id='word_1_307' title='bbox 1156 3859 1295 3941; x_wconf 88' lang='lat' dir='ltr'>virtute</span> <span class='ocrx_word' id='word_1_308' title='bbox 1314 3855 1531 3970; x_wconf 86' lang='lat' dir='ltr'>AEgyptum</span> <span class='ocrx_word' id='word_1_309' title='bbox 1544 3857 1650 3939; x_wconf 92' lang='lat' dir='ltr'>velut</span> <span class='ocrx_word' id='word_1_310' title='bbox 1659 3857 1773 3939; x_wconf 87' lang='lat' dir='ltr'>armis</span> <span class='ocrx_word' id='word_1_311' title='bbox 1789 3880 1934 3964; x_wconf 89' lang='lat' dir='ltr'>partam</span> <span class='ocrx_word' id='word_1_312' title='bbox 1953 3863 2057 3946; x_wconf 87' lang='lat' dir='ltr'>obri·</span> 
     </span>
     <span class='ocr_line' id='line_1_33' title="bbox 426 3965 2058 4079; baseline -0.009 -24"><span class='ocrx_word' id='word_1_313' title='bbox 426 3973 547 4056; x_wconf 85' lang='lat' dir='ltr'>nuisse</span> <span class='ocrx_word' id='word_1_314' title='bbox 560 3972 773 4055; x_wconf 86' lang='lat' dir='ltr'>videretur:</span> <span class='ocrx_word' id='word_1_315' title='bbox 802 3970 884 4052; x_wconf 76' lang='lat' dir='ltr'>alite</span> <span class='ocrx_word' id='word_1_316' title='bbox 898 3971 986 4052; x_wconf 78' lang='lat' dir='ltr'>aliia</span> <span class='ocrx_word' id='word_1_317' title='bbox 1000 3971 1183 4078; x_wconf 85' lang='lat' dir='ltr'>Satrapiae</span> <span class='ocrx_word' id='word_1_318' title='bbox 1198 3969 1283 4050; x_wconf 90' lang='lat' dir='ltr'>sunt</span> <span class='ocrx_word' id='word_1_319' title='bbox 1297 3967 1447 4056; x_wconf 69' lang='lat' dir='ltr'>divrlntr</span> <span class='ocrx_word' id='word_1_320' title='bbox 1464 3965 1529 4049; x_wconf 88' lang='lat' dir='ltr'>fed</span> <span class='ocrx_word' id='word_1_321' title='bbox 1547 3967 1768 4076; x_wconf 86' lang='lat' dir='ltr'>Antigonus</span> <span class='ocrx_word' id='word_1_322' title='bbox 1784 3967 1902 4079; x_wconf 87' lang='lat' dir='ltr'>Regii</span> <span class='ocrx_word' id='word_1_323' title='bbox 1911 3973 2058 4056; x_wconf 76' lang='lat' dir='ltr'>exerci-</span> 
     </span>
     <span class='ocr_line' id='line_1_34' title="bbox 425 4079 2055 4194; baseline -0.001 -27"><span class='ocrx_word' id='word_1_324' title='bbox 425 4105 489 4167; x_wconf 87' lang='lat' dir='ltr'>tus</span> <span class='ocrx_word' id='word_1_325' title='bbox 501 4084 717 4194; x_wconf 90' lang='lat' dir='ltr'>lmperator</span> <span class='ocrx_word' id='word_1_326' title='bbox 726 4081 938 4166; x_wconf 87' lang='lat' dir='ltr'>declaratus</span> <span class='ocrx_word' id='word_1_327' title='bbox 954 4080 1030 4171; x_wconf 91' lang='lat' dir='ltr'>ell,</span> <span class='ocrx_word' id='word_1_328' title='bbox 1050 4103 1096 4165; x_wconf 91' lang='lat' dir='ltr'>ut</span> <span class='ocrx_word' id='word_1_329' title='bbox 1109 4081 1324 4163; x_wconf 87' lang='lat' dir='ltr'>Eumenem</span> <span class='ocrx_word' id='word_1_330' title='bbox 1334 4083 1387 4162; x_wconf 91' lang='lat' dir='ltr'>ob</span> <span class='ocrx_word' id='word_1_331' title='bbox 1398 4079 1549 4161; x_wconf 89' lang='lat' dir='ltr'>Crateri</span> <span class='ocrx_word' id='word_1_332' title='bbox 1564 4079 1870 4186; x_wconf 83' lang='lat' dir='ltr'>&amp;Neoptolemi</span> <span class='ocrx_word' id='word_1_333' title='bbox 1884 4080 2034 4167; x_wconf 80' lang='lat' dir='ltr'>cadem</span> <span class='ocrx_word' id='word_1_334' title='bbox 2040 4136 2055 4180; x_wconf 91' lang='lat'>,</span> 
     </span>
     <span class='ocr_line' id='line_1_35' title="bbox 424 4190 1138 4290; baseline -0.003 -16"><span class='ocrx_word' id='word_1_335' title='bbox 424 4193 658 4290; x_wconf 87' lang='lat' dir='ltr'>declaratum</span> <span class='ocrx_word' id='word_1_336' title='bbox 674 4191 822 4274; x_wconf 89' lang='lat' dir='ltr'>hostem</span> <span class='ocrx_word' id='word_1_337' title='bbox 843 4190 1057 4274; x_wconf 87' lang='lat' dir='ltr'>debellaret.</span> <span class='ocrx_word' id='word_1_338' title='bbox 1085 4253 1089 4260; x_wconf 83' lang='lat'>.</span> <span class='ocrx_word' id='word_1_339' title='bbox 1133 4229 1138 4238; x_wconf 86' lang='lat'><em>·</em></span> 
     </span>
    </p>
   </div>
   <div class='ocr_carea' id='block_1_8' title="bbox 0 0 2266 3557">
    <p class='ocr_par' dir='ltr' id='par_1_29' title="bbox 0 0 2266 3557">
     <span class='ocr_line' id='line_1_36' title="bbox 0 0 2266 3557; baseline 0 0"><span class='ocrx_word' id='word_1_340' title='bbox 0 0 2266 3557; x_wconf 95' lang='lat' dir='ltr'> </span> 
     </span>
    </p>
   </div>
   <div class='ocr_carea' id='block_1_9' title="bbox 238 4267 2210 4495">
    <p class='ocr_par' dir='ltr' id='par_1_30' title="bbox 238 4267 2210 4495">
     <span class='ocr_line' id='line_1_37' title="bbox 238 4267 2210 4495; baseline 0.004 -115"><span class='ocrx_word' id='word_1_341' title='bbox 238 4320 380 4380; x_wconf 74' lang='lat' dir='ltr'>erotem.</span> <span class='ocrx_word' id='word_1_342' title='bbox 478 4303 526 4387; x_wconf 91' lang='lat' dir='ltr'>ln</span> <span class='ocrx_word' id='word_1_343' title='bbox 545 4301 970 4495; x_wconf 64' lang='lat' dir='ltr'>AEgyptoPtolemaeus</span> <span class='ocrx_word' id='word_1_344' title='bbox 988 4301 1116 4384; x_wconf 92' lang='lat' dir='ltr'>occiso</span> <span class='ocrx_word' id='word_1_345' title='bbox 1135 4299 1317 4386; x_wconf 89' lang='lat' dir='ltr'>Perdicca</span> <span class='ocrx_word' id='word_1_346' title='bbox 1332 4308 1371 4385; x_wconf 78' lang='grc' dir='ltr'>δι</span> <span class='ocrx_word' id='word_1_347' title='bbox 1390 4267 1684 4384; x_wconf 88' lang='lat' dir='ltr'>confirmatione</span> <span class='ocrx_word' id='word_1_348' title='bbox 1701 4301 1879 4409; x_wconf 84' lang='lat' dir='ltr'>Satrapiae</span> <span class='ocrx_word' id='word_1_349' title='bbox 1895 4301 1946 4384; x_wconf 88' lang='lat' dir='ltr'>ab</span> <span class='ocrx_word' id='word_1_350' title='bbox 1973 4306 2054 4387; x_wconf 88' lang='lat' dir='ltr'>An·</span> <span class='ocrx_word' id='word_1_351' title='bbox 2209 4285 2210 4294; x_wconf 11' lang='grc' dir='ltr'><strong><em>Ν</em></strong></span> 
     </span>
    </p>
   </div>
   <div class='ocr_carea' id='block_1_10' title="bbox 229 4399 2054 6618">
    <p class='ocr_par' dir='ltr' id='par_1_31' title="bbox 235 4399 2054 5519">
     <span class='ocr_line' id='line_1_38' title="bbox 235 4399 1974 4552; baseline 0 -21"><span class='ocrx_word' id='word_1_352' title='bbox 235 4399 394 4552; x_wconf 56' lang='lat' dir='ltr'>uuirt,</span> <span class='ocrx_word' id='word_1_353' title='bbox 429 4414 573 4543; x_wconf 61' lang='lat' dir='ltr'>tieem</span> <span class='ocrx_word' id='word_1_354' title='bbox 984 4521 991 4536; x_wconf 92' lang='lat'><strong>.</strong></span> <span class='ocrx_word' id='word_1_355' title='bbox 1199 4525 1205 4535; x_wconf 86' lang='lat'><em>.</em></span> <span class='ocrx_word' id='word_1_356' title='bbox 1522 4524 1568 4538; x_wconf 86' lang='grc'>.,</span> <span class='ocrx_word' id='word_1_357' title='bbox 1764 4521 1772 4535; x_wconf 86' lang='grc'><strong><em>,</em></strong></span> <span class='ocrx_word' id='word_1_358' title='bbox 1893 4525 1899 4536; x_wconf 88' lang='grc'><em>,</em></span> <span class='ocrx_word' id='word_1_359' title='bbox 1967 4529 1974 4544; x_wconf 79' lang='grc'><em>,</em></span> 
     </span>
     <span class='ocr_line' id='line_1_39' title="bbox 238 4521 2054 4633; baseline -0.001 -25"><span class='ocrx_word' id='word_1_360' title='bbox 238 4555 304 4628; x_wconf 80' lang='lat'>⁶50.</span> <span class='ocrx_word' id='word_1_361' title='bbox 425 4525 584 4633; x_wconf 85' lang='lat' dir='ltr'>ceptlset</span> <span class='ocrx_word' id='word_1_362' title='bbox 601 4525 817 4606; x_wconf 83' lang='lat' dir='ltr'>Eumenem</span> <span class='ocrx_word' id='word_1_363' title='bbox 835 4527 883 4604; x_wconf 89' lang='lat' dir='ltr'>ab</span> <span class='ocrx_word' id='word_1_364' title='bbox 898 4527 1104 4632; x_wconf 87' lang='lat' dir='ltr'>Anttgcno</span> <span class='ocrx_word' id='word_1_365' title='bbox 1117 4521 1394 4606; x_wconf 70' lang='lat' dir='ltr'>delossum-sed</span> <span class='ocrx_word' id='word_1_366' title='bbox 1413 4550 1504 4604; x_wconf 91' lang='lat' dir='ltr'>eum</span> <span class='ocrx_word' id='word_1_367' title='bbox 1519 4524 1616 4603; x_wconf 89' lang='lat' dir='ltr'>dhus</span> <span class='ocrx_word' id='word_1_368' title='bbox 1627 4521 1816 4628; x_wconf 87' lang='lat' dir='ltr'>Satrapras</span> <span class='ocrx_word' id='word_1_369' title='bbox 1834 4521 2054 4627; x_wconf 77' lang='lat' dir='ltr'>fibradyun·</span> 
     </span>
     <span class='ocr_line' id='line_1_40' title="bbox 423 4628 2054 4744; baseline -0.002 -27"><span class='ocrx_word' id='word_1_370' title='bbox 423 4635 537 4728; x_wconf 80' lang='lat' dir='ltr'>risle,</span> <span class='ocrx_word' id='word_1_371' title='bbox 564 4633 852 4717; x_wconf 78' lang='lat' dir='ltr'>Phoenicum&amp;</span> <span class='ocrx_word' id='word_1_372' title='bbox 866 4633 1008 4744; x_wconf 89' lang='lat' dir='ltr'>Syriam</span> <span class='ocrx_word' id='word_1_373' title='bbox 1020 4632 1188 4714; x_wconf 73' lang='lat' dir='ltr'>maxime</span> <span class='ocrx_word' id='word_1_374' title='bbox 1202 4633 1270 4713; x_wconf 88' lang='lat' dir='ltr'>fibi</span> <span class='ocrx_word' id='word_1_375' title='bbox 1284 4633 1617 4715; x_wconf 85' lang='lat' dir='ltr'>accommodatam</span> <span class='ocrx_word' id='word_1_376' title='bbox 1635 4628 2054 4722; x_wconf 85' lang='lat' dir='ltr'>futuramanimadver-</span> 
     </span>
     <span class='ocr_line' id='line_1_41' title="bbox 237 4741 2053 4874; baseline 0 -44"><span class='ocrx_word' id='word_1_377' title='bbox 237 4796 356 4874; x_wconf 70' lang='lat' dir='ltr'>Appiae.</span> <span class='ocrx_word' id='word_1_378' title='bbox 426 4767 533 4840; x_wconf 87' lang='lat' dir='ltr'>tens,</span> <span class='ocrx_word' id='word_1_379' title='bbox 563 4745 666 4828; x_wconf 89' lang='lat' dir='ltr'>unde</span> <span class='ocrx_word' id='word_1_380' title='bbox 681 4751 720 4826; x_wconf 80' lang='lat' dir='ltr'>bt</span> <span class='ocrx_word' id='word_1_381' title='bbox 738 4743 957 4856; x_wconf 87' lang='lat' dir='ltr'>AEgyptum</span> <span class='ocrx_word' id='word_1_382' title='bbox 976 4741 1101 4852; x_wconf 85' lang='lat' dir='ltr'>posset</span> <span class='ocrx_word' id='word_1_383' title='bbox 1117 4745 1215 4825; x_wconf 90' lang='lat' dir='ltr'>tueri</span> <span class='ocrx_word' id='word_1_384' title='bbox 1232 4750 1270 4822; x_wconf 76' lang='grc' dir='ltr'>δι</span> <span class='ocrx_word' id='word_1_385' title='bbox 1287 4744 1463 4852; x_wconf 85' lang='lat' dir='ltr'>Cyprum</span> <span class='ocrx_word' id='word_1_386' title='bbox 1489 4741 1700 4832; x_wconf 89' lang='lat' dir='ltr'>invadere,</span> <span class='ocrx_word' id='word_1_387' title='bbox 1726 4741 1891 4824; x_wconf 85' lang='lat' dir='ltr'>multum</span> <span class='ocrx_word' id='word_1_388' title='bbox 1917 4746 1955 4826; x_wconf 92' lang='lat' dir='ltr'>in</span> <span class='ocrx_word' id='word_1_389' title='bbox 1972 4746 2053 4830; x_wconf 93' lang='lat' dir='ltr'>hoc</span> 
     </span>
     <span class='ocr_line' id='line_1_42' title="bbox 235 4849 2051 4966; baseline -0.001 -27"><span class='ocrx_word' id='word_1_390' title='bbox 235 4873 296 4952; x_wconf 73' lang='lat' dir='ltr'>Syr.</span> <span class='ocrx_word' id='word_1_391' title='bbox 344 4891 347 4896; x_wconf 50' lang='lat'>¹</span> <span class='ocrx_word' id='word_1_392' title='bbox 426 4882 547 4966; x_wconf 90' lang='lat' dir='ltr'>opere</span> <span class='ocrx_word' id='word_1_393' title='bbox 562 4854 692 4949; x_wconf 90' lang='lat' dir='ltr'>dedit,</span> <span class='ocrx_word' id='word_1_394' title='bbox 719 4875 764 4936; x_wconf 89' lang='lat' dir='ltr'>ut</span> <span class='ocrx_word' id='word_1_395' title='bbox 780 4857 851 4935; x_wconf 88' lang='lat' dir='ltr'>illis</span> <span class='ocrx_word' id='word_1_396' title='bbox 870 4855 1079 4963; x_wconf 89' lang='lat' dir='ltr'>potiretur,</span> <span class='ocrx_word' id='word_1_397' title='bbox 1107 4878 1198 4935; x_wconf 93' lang='lat' dir='ltr'>cum</span> <span class='ocrx_word' id='word_1_398' title='bbox 1213 4850 1324 4936; x_wconf 85' lang='lat' dir='ltr'>classe</span> <span class='ocrx_word' id='word_1_399' title='bbox 1348 4849 1543 4959; x_wconf 74' lang='lat' dir='ltr'>profestum</span> <span class='ocrx_word' id='word_1_400' title='bbox 1570 4852 1653 4932; x_wconf 86' lang='lat' dir='ltr'>esl:</span> <span class='ocrx_word' id='word_1_401' title='bbox 1679 4857 1718 4929; x_wconf 79' lang='grc' dir='ltr'>ὃ(</span> <span class='ocrx_word' id='word_1_402' title='bbox 1740 4851 1873 4934; x_wconf 88' lang='lat' dir='ltr'>oblato</span> <span class='ocrx_word' id='word_1_403' title='bbox 1897 4853 2051 4966; x_wconf 87' lang='lat' dir='ltr'>ingenti</span> 
     </span>
     <span class='ocr_line' id='line_1_43' title="bbox 424 4962 2054 5075; baseline 0 -26"><span class='ocrx_word' id='word_1_404' title='bbox 424 4967 507 5049; x_wconf 93' lang='lat' dir='ltr'>auri</span> <span class='ocrx_word' id='word_1_405' title='bbox 522 4965 697 5075; x_wconf 89' lang='lat' dir='ltr'>pondere</span> <span class='ocrx_word' id='word_1_406' title='bbox 714 4965 1019 5046; x_wconf 75' lang='lat' dir='ltr'>Laomedontem</span> <span class='ocrx_word' id='word_1_407' title='bbox 1043 4963 1179 5045; x_wconf 91' lang='lat' dir='ltr'>harum</span> <span class='ocrx_word' id='word_1_408' title='bbox 1202 4963 1483 5071; x_wconf 87' lang='lat' dir='ltr'>provinciarum</span> <span class='ocrx_word' id='word_1_409' title='bbox 1508 4962 1704 5069; x_wconf 90' lang='lat' dir='ltr'>Satrapam</span> <span class='ocrx_word' id='word_1_410' title='bbox 1731 4963 1913 5058; x_wconf 87' lang='lat' dir='ltr'>tentavit,</span> <span class='ocrx_word' id='word_1_411' title='bbox 1940 4965 2054 5072; x_wconf 90' lang='lat' dir='ltr'>quod</span> 
     </span>
     <span class='ocr_line' id='line_1_44' title="bbox 425 5070 2050 5183; baseline -0.001 -23"><span class='ocrx_word' id='word_1_412' title='bbox 425 5077 516 5160; x_wconf 80' lang='lat' dir='ltr'>cum</span> <span class='ocrx_word' id='word_1_413' title='bbox 535 5102 617 5157; x_wconf 92' lang='lat' dir='ltr'>non</span> <span class='ocrx_word' id='word_1_414' title='bbox 634 5077 682 5158; x_wconf 92' lang='lat' dir='ltr'>ab</span> <span class='ocrx_word' id='word_1_415' title='bbox 700 5099 751 5156; x_wconf 90' lang='lat' dir='ltr'>eo</span> <span class='ocrx_word' id='word_1_416' title='bbox 766 5076 970 5182; x_wconf 88' lang='lat' dir='ltr'>impetrare</span> <span class='ocrx_word' id='word_1_417' title='bbox 984 5074 1185 5182; x_wconf 83' lang='lat' dir='ltr'>potuisset,</span> <span class='ocrx_word' id='word_1_418' title='bbox 1213 5075 1452 5154; x_wconf 85' lang='lat' dir='ltr'>Nicanorem</span> <span class='ocrx_word' id='word_1_419' title='bbox 1469 5100 1559 5155; x_wconf 94' lang='lat' dir='ltr'>curn</span> <span class='ocrx_word' id='word_1_420' title='bbox 1572 5070 1682 5178; x_wconf 87' lang='lat' dir='ltr'>juliis</span> <span class='ocrx_word' id='word_1_421' title='bbox 1697 5072 1819 5182; x_wconf 89' lang='lat' dir='ltr'>copiis</span> <span class='ocrx_word' id='word_1_422' title='bbox 1837 5075 1876 5153; x_wconf 89' lang='lat' dir='ltr'>in</span> <span class='ocrx_word' id='word_1_423' title='bbox 1901 5076 2050 5183; x_wconf 85' lang='lat' dir='ltr'>Syriam</span> 
     </span>
     <span class='ocr_line' id='line_1_45' title="bbox 425 5181 2052 5296; baseline -0.001 -27"><span class='ocrx_word' id='word_1_424' title='bbox 425 5184 547 5280; x_wconf 85' lang='lat' dir='ltr'>mifit,</span> <span class='ocrx_word' id='word_1_425' title='bbox 576 5193 617 5267; x_wconf 81' lang='lat' dir='ltr'>lle</span> <span class='ocrx_word' id='word_1_426' title='bbox 631 5187 710 5296; x_wconf 89' lang='lat' dir='ltr'>ipse</span> <span class='ocrx_word' id='word_1_427' title='bbox 730 5185 934 5269; x_wconf 77' lang='lat' dir='ltr'>Phoenicia</span> <span class='ocrx_word' id='word_1_428' title='bbox 949 5187 1063 5266; x_wconf 89' lang='lat' dir='ltr'>urbes</span> <span class='ocrx_word' id='word_1_429' title='bbox 1085 5183 1244 5267; x_wconf 90' lang='lat' dir='ltr'>adortus</span> <span class='ocrx_word' id='word_1_430' title='bbox 1263 5184 1337 5275; x_wconf 85' lang='lat' dir='ltr'>est,</span> <span class='ocrx_word' id='word_1_431' title='bbox 1366 5181 1540 5265; x_wconf 89' lang='lat' dir='ltr'>Nicanor</span> <span class='ocrx_word' id='word_1_432' title='bbox 1566 5181 1704 5290; x_wconf 87' lang='lat' dir='ltr'>praelio</span> <span class='ocrx_word' id='word_1_433' title='bbox 1726 5183 1929 5266; x_wconf 85' lang='lat' dir='ltr'>commisso</span> <span class='ocrx_word' id='word_1_434' title='bbox 1948 5184 2052 5268; x_wconf 88' lang='lat' dir='ltr'>Lao·</span> 
     </span>
     <span class='ocr_line' id='line_1_46' title="bbox 400 5289 2050 5409; baseline 0.001 -31"><span class='ocrx_word' id='word_1_435' title='bbox 400 5381 403 5388; x_wconf 81' lang='grc'>,</span> <span class='ocrx_word' id='word_1_436' title='bbox 423 5296 652 5380; x_wconf 89' lang='lat' dir='ltr'>medontein</span> <span class='ocrx_word' id='word_1_437' title='bbox 668 5298 790 5409; x_wconf 88' lang='lat' dir='ltr'>cepit,</span> <span class='ocrx_word' id='word_1_438' title='bbox 819 5295 885 5377; x_wconf 96' lang='lat' dir='ltr'>sed</span> <span class='ocrx_word' id='word_1_439' title='bbox 898 5295 962 5378; x_wconf 89' lang='lat' dir='ltr'>ille</span> <span class='ocrx_word' id='word_1_440' title='bbox 978 5319 1167 5403; x_wconf 76' lang='lat' dir='ltr'>corruptis</span> <span class='ocrx_word' id='word_1_441' title='bbox 1183 5294 1406 5375; x_wconf 81' lang='lat' dir='ltr'>custodibus</span> <span class='ocrx_word' id='word_1_442' title='bbox 1427 5290 1478 5373; x_wconf 91' lang='lat' dir='ltr'>ad</span> <span class='ocrx_word' id='word_1_443' title='bbox 1496 5293 1670 5374; x_wconf 87' lang='lat' dir='ltr'>Alcetam</span> <span class='ocrx_word' id='word_1_444' title='bbox 1686 5289 1877 5375; x_wconf 75' lang='lat' dir='ltr'>Perdicca</span> <span class='ocrx_word' id='word_1_445' title='bbox 1893 5293 2050 5380; x_wconf 87' lang='lat' dir='ltr'>fratrem</span> 
     </span>
     <span class='ocr_line' id='line_1_47' title="bbox 405 5399 2053 5519; baseline 0.001 -30"><span class='ocrx_word' id='word_1_446' title='bbox 405 5407 577 5519; x_wconf 79' lang='lat' dir='ltr'>aufugit</span> <span class='ocrx_word' id='word_1_447' title='bbox 603 5407 644 5488; x_wconf 89' lang='lat' dir='ltr'>in</span> <span class='ocrx_word' id='word_1_448' title='bbox 670 5406 826 5490; x_wconf 85' lang='lat' dir='ltr'>Cariam</span> <span class='ocrx_word' id='word_1_449' title='bbox 846 5441 869 5500; x_wconf 50' lang='lat'>,⁴</span> <span class='ocrx_word' id='word_1_450' title='bbox 898 5411 938 5487; x_wconf 75' lang='grc' dir='ltr'>δι</span> <span class='ocrx_word' id='word_1_451' title='bbox 961 5405 1055 5487; x_wconf 90' lang='lat' dir='ltr'>dum</span> <span class='ocrx_word' id='word_1_452' title='bbox 1071 5497 1074 5506; x_wconf 42' lang='grc'>,</span> <span class='ocrx_word' id='word_1_453' title='bbox 1092 5427 1212 5488; x_wconf 88' lang='lat' dir='ltr'>totam</span> <span class='ocrx_word' id='word_1_454' title='bbox 1236 5404 1379 5512; x_wconf 86' lang='lat' dir='ltr'>Syriam</span> <span class='ocrx_word' id='word_1_455' title='bbox 1407 5403 1446 5482; x_wconf 85' lang='lat' dir='ltr'>in</span> <span class='ocrx_word' id='word_1_456' title='bbox 1474 5399 1705 5510; x_wconf 88' lang='lat' dir='ltr'>potestatem</span> <span class='ocrx_word' id='word_1_457' title='bbox 1735 5400 1898 5511; x_wconf 84' lang='lat' dir='ltr'>redigit,</span> <span class='ocrx_word' id='word_1_458' title='bbox 1923 5402 2053 5490; x_wconf 90' lang='lat' dir='ltr'>Ptole·</span> 
     </span>
    </p>

    <p class='ocr_par' dir='ltr' id='par_1_32' title="bbox 229 5511 2050 6618">
     <span class='ocr_line' id='line_1_48' title="bbox 417 5511 1690 5624; baseline -0.005 -25"><span class='ocrx_word' id='word_1_459' title='bbox 417 5541 537 5601; x_wconf 86' lang='lat' dir='ltr'>maeus</span> <span class='ocrx_word' id='word_1_460' title='bbox 557 5517 818 5614; x_wconf 88' lang='lat' dir='ltr'>Phoeniciam,</span> <span class='ocrx_word' id='word_1_461' title='bbox 833 5515 987 5602; x_wconf 81' lang='lat' dir='ltr'>,deinde</span> <span class='ocrx_word' id='word_1_462' title='bbox 1003 5513 1252 5624; x_wconf 88' lang='lat' dir='ltr'>Coelesyriam</span> <span class='ocrx_word' id='word_1_463' title='bbox 1272 5511 1496 5624; x_wconf 85' lang='lat' dir='ltr'>&amp;Judaeam</span> <span class='ocrx_word' id='word_1_464' title='bbox 1512 5517 1690 5620; x_wconf 88' lang='lat' dir='ltr'>occupat.</span> 
     </span>
     <span class='ocr_line' id='line_1_49' title="bbox 236 5615 2050 5749; baseline -0.002 -37"><span class='ocrx_word' id='word_1_465' title='bbox 236 5634 414 5712; x_wconf 69' lang='lat' dir='ltr'>pupulis.</span> <span class='ocrx_word' id='word_1_466' title='bbox 453 5679 458 5699; x_wconf 57' lang='lat'><em>2</em></span> <span class='ocrx_word' id='word_1_467' title='bbox 477 5627 748 5738; x_wconf 75' lang='lat' dir='ltr'>Hierosolyma</span> <span class='ocrx_word' id='word_1_468' title='bbox 773 5631 838 5712; x_wconf 86' lang='lat' dir='ltr'>die</span> <span class='ocrx_word' id='word_1_469' title='bbox 863 5615 1015 5710; x_wconf 76' lang='lat' dir='ltr'>S&#39;abbati</span> <span class='ocrx_word' id='word_1_470' title='bbox 1040 5626 1168 5749; x_wconf 86' lang='lat' dir='ltr'>cepit,</span> <span class='ocrx_word' id='word_1_471' title='bbox 1216 5623 1458 5732; x_wconf 79' lang='lat' dir='ltr'>ingrediente</span> <span class='ocrx_word' id='word_1_472' title='bbox 1480 5646 1610 5704; x_wconf 89' lang='lat' dir='ltr'>autem</span> <span class='ocrx_word' id='word_1_473' title='bbox 1630 5622 1669 5703; x_wconf 91' lang='lat' dir='ltr'>in</span> <span class='ocrx_word' id='word_1_474' title='bbox 1697 5620 1892 5706; x_wconf 87' lang='lat' dir='ltr'>civitatem</span> <span class='ocrx_word' id='word_1_475' title='bbox 1916 5622 2050 5708; x_wconf 88' lang='lat' dir='ltr'>Ptole·</span> 
     </span>
     <span class='ocr_line' id='line_1_50' title="bbox 232 5726 2050 5865; baseline -0.004 -42"><span class='ocrx_word' id='word_1_476' title='bbox 232 5726 363 5865; x_wconf 51' lang='lat' dir='ltr'>&#39;A‘lfssssm</span> <span class='ocrx_word' id='word_1_477' title='bbox 423 5765 524 5823; x_wconf 85' lang='lat' dir='ltr'>maeo</span> <span class='ocrx_word' id='word_1_478' title='bbox 556 5765 645 5821; x_wconf 91' lang='lat' dir='ltr'>cum</span> <span class='ocrx_word' id='word_1_479' title='bbox 677 5735 846 5824; x_wconf 88' lang='lat' dir='ltr'>exercitu</span> <span class='ocrx_word' id='word_1_480' title='bbox 879 5744 918 5819; x_wconf 79' lang='lat' dir='ltr'>lic</span> <span class='ocrx_word' id='word_1_481' title='bbox 944 5736 1167 5820; x_wconf 78' lang='lat' dir='ltr'>hominibus</span> <span class='ocrx_word' id='word_1_482' title='bbox 1203 5733 1339 5815; x_wconf 85' lang='lat' dir='ltr'>eorum</span> <span class='ocrx_word' id='word_1_483' title='bbox 1370 5734 1440 5842; x_wconf 92' lang='lat' dir='ltr'>qui</span> <span class='ocrx_word' id='word_1_484' title='bbox 1466 5733 1601 5816; x_wconf 89' lang='lat' dir='ltr'>urbem</span> <span class='ocrx_word' id='word_1_485' title='bbox 1633 5729 1826 5813; x_wconf 85' lang='lat' dir='ltr'>custodire</span> <span class='ocrx_word' id='word_1_486' title='bbox 1854 5733 2050 5824; x_wconf 86' lang='lat' dir='ltr'>debebant</span> 
     </span>
     <span class='ocr_line' id='line_1_51' title="bbox 419 5841 2047 5959; baseline -0.002 -29"><span class='ocrx_word' id='word_1_487' title='bbox 419 5849 707 5933; x_wconf 90' lang='lat' dir='ltr'>observantibus</span> <span class='ocrx_word' id='word_1_488' title='bbox 723 5845 999 5959; x_wconf 86' lang='lat' dir='ltr'>insrpientiam:</span> <span class='ocrx_word' id='word_1_489' title='bbox 1018 5845 1149 5956; x_wconf 87' lang='lat' dir='ltr'>patria</span> <span class='ocrx_word' id='word_1_490' title='bbox 1164 5845 1328 5952; x_wconf 87' lang='lat' dir='ltr'>quidem·</span> <span class='ocrx_word' id='word_1_491' title='bbox 1342 5841 1521 5924; x_wconf 90' lang='lat' dir='ltr'>acerbum</span> <span class='ocrx_word' id='word_1_492' title='bbox 1539 5841 1698 5951; x_wconf 89' lang='lat' dir='ltr'>suscepit</span> <span class='ocrx_word' id='word_1_493' title='bbox 1716 5841 1919 5924; x_wconf 92' lang='lat' dir='ltr'>dominum</span> <span class='ocrx_word' id='word_1_494' title='bbox 1937 5897 1949 5938; x_wconf 96' lang='lat'>,</span> <span class='ocrx_word' id='word_1_495' title='bbox 1985 5845 2047 5936; x_wconf 84' lang='lat' dir='ltr'>lert</span> 
     </span>
     <span class='ocr_line' id='line_1_52' title="bbox 229 5951 2049 6088; baseline -0.002 -44"><span class='ocrx_word' id='word_1_496' title='bbox 229 6031 253 6088; x_wconf 75' lang='lat' dir='ltr'>A</span> <span class='ocrx_word' id='word_1_497' title='bbox 296 6031 303 6046; x_wconf 92' lang='lat'><strong>.</strong></span> <span class='ocrx_word' id='word_1_498' title='bbox 417 5961 513 6043; x_wconf 75' lang='lat' dir='ltr'>vetti</span> <span class='ocrx_word' id='word_1_499' title='bbox 531 5959 708 6042; x_wconf 71' lang='lat' dir='ltr'>convicta</span> <span class='ocrx_word' id='word_1_500' title='bbox 727 5959 784 6042; x_wconf 88' lang='lat' dir='ltr'>cst</span> <span class='ocrx_word' id='word_1_501' title='bbox 799 5959 936 6042; x_wconf 88' lang='lat' dir='ltr'>malam</span> <span class='ocrx_word' id='word_1_502' title='bbox 959 5957 1102 6040; x_wconf 85' lang='lat' dir='ltr'>habere</span> <span class='ocrx_word' id='word_1_503' title='bbox 1117 5953 1445 6037; x_wconf 87' lang='lat' dir='ltr'>consuetudinem.</span> <span class='ocrx_word' id='word_1_504' title='bbox 1503 5953 1580 6036; x_wconf 88' lang='lat' dir='ltr'>Alii</span> <span class='ocrx_word' id='word_1_505' title='bbox 1598 5951 1927 6062; x_wconf 89' lang='lat' dir='ltr'>Jerosolymorum</span> <span class='ocrx_word' id='word_1_506' title='bbox 1948 5982 2049 6040; x_wconf 90' lang='lat' dir='ltr'>moe·</span> 
     </span>
     <span class='ocr_line' id='line_1_53' title="bbox 229 6050 2049 6186; baseline -0.002 -33"><span class='ocrx_word' id='word_1_507' title='bbox 229 6050 349 6186; x_wconf 60' lang='lat' dir='ltr'>symm·</span> <span class='ocrx_word' id='word_1_508' title='bbox 418 6072 484 6172; x_wconf 85' lang='lat' dir='ltr'>nia</span> <span class='ocrx_word' id='word_1_509' title='bbox 496 6069 650 6152; x_wconf 84' lang='lat' dir='ltr'>diruisse</span> <span class='ocrx_word' id='word_1_510' title='bbox 672 6071 829 6156; x_wconf 83' lang='lat' dir='ltr'>tradunt</span> <span class='ocrx_word' id='word_1_511' title='bbox 848 6100 857 6153; x_wconf 90' lang='lat'><strong>:</strong></span> <span class='ocrx_word' id='word_1_512' title='bbox 889 6069 995 6178; x_wconf 79' lang='lat' dir='ltr'>Syria</span> <span class='ocrx_word' id='word_1_513' title='bbox 1016 6071 1149 6174; x_wconf 90' lang='lat' dir='ltr'>itaque</span> <span class='ocrx_word' id='word_1_514' title='bbox 1163 6087 1246 6149; x_wconf 91' lang='lat' dir='ltr'>tota</span> <span class='ocrx_word' id='word_1_515' title='bbox 1263 6072 1300 6146; x_wconf 77' lang='lat' dir='ltr'>bt</span> <span class='ocrx_word' id='word_1_516' title='bbox 1324 6064 1522 6148; x_wconf 86' lang='lat' dir='ltr'>Phoenicia</span> <span class='ocrx_word' id='word_1_517' title='bbox 1542 6065 1641 6148; x_wconf 87' lang='lat' dir='ltr'>intra</span> <span class='ocrx_word' id='word_1_518' title='bbox 1666 6065 1781 6146; x_wconf 84' lang='lat' dir='ltr'>breve</span> <span class='ocrx_word' id='word_1_519' title='bbox 1805 6087 1961 6174; x_wconf 89' lang='lat' dir='ltr'>tempus</span> <span class='ocrx_word' id='word_1_520' title='bbox 1988 6065 2049 6150; x_wconf 86' lang='lat' dir='ltr'>su·</span> 
     </span>
     <span class='ocr_line' id='line_1_54' title="bbox 422 6170 2047 6290; baseline 0 -28"><span class='ocrx_word' id='word_1_521' title='bbox 422 6179 544 6280; x_wconf 76' lang='lat' dir='ltr'>basiis</span> <span class='ocrx_word' id='word_1_522' title='bbox 566 6187 604 6262; x_wconf 74' lang='lat' dir='ltr'>dr</span> <span class='ocrx_word' id='word_1_523' title='bbox 621 6180 804 6290; x_wconf 83' lang='lat' dir='ltr'>prasrdiis</span> <span class='ocrx_word' id='word_1_524' title='bbox 821 6180 980 6264; x_wconf 85' lang='lat' dir='ltr'>munitis</span> <span class='ocrx_word' id='word_1_525' title='bbox 996 6177 1275 6288; x_wconf 83' lang='lat' dir='ltr'>inAEgyptum</span> <span class='ocrx_word' id='word_1_526' title='bbox 1298 6173 1431 6266; x_wconf 82' lang='lat' dir='ltr'>rediit,</span> <span class='ocrx_word' id='word_1_527' title='bbox 1466 6173 1610 6258; x_wconf 85' lang='lat' dir='ltr'>multos</span> <span class='ocrx_word' id='word_1_528' title='bbox 1636 6200 1683 6258; x_wconf 91' lang='lat' dir='ltr'>ex</span> <span class='ocrx_word' id='word_1_529' title='bbox 1705 6170 1847 6280; x_wconf 78' lang='lat' dir='ltr'>Judaea&#39;</span> <span class='ocrx_word' id='word_1_530' title='bbox 1869 6179 2047 6286; x_wconf 87' lang='lat' dir='ltr'>captivos</span> 
     </span>
     <span class='ocr_line' id='line_1_55' title="bbox 417 6283 2047 6400; baseline -0.003 -27"><span class='ocrx_word' id='word_1_531' title='bbox 417 6289 579 6374; x_wconf 81' lang='lat' dir='ltr'>abduxit</span> <span class='ocrx_word' id='word_1_532' title='bbox 604 6292 753 6374; x_wconf 89' lang='lat' dir='ltr'>circiter</span> <span class='ocrx_word' id='word_1_533' title='bbox 783 6309 930 6400; x_wconf 80' lang='lat'>30000&#39;.</span> <span class='ocrx_word' id='word_1_534' title='bbox 959 6288 1116 6371; x_wconf 76' lang='lat' dir='ltr'>salesius</span> <span class='ocrx_word' id='word_1_535' title='bbox 1137 6287 1205 6394; x_wconf 89' lang='lat' dir='ltr'>qui</span> <span class='ocrx_word' id='word_1_536' title='bbox 1232 6307 1349 6370; x_wconf 63' lang='lat' dir='ltr'>aetate.</span> <span class='ocrx_word' id='word_1_537' title='bbox 1365 6293 1402 6366; x_wconf 80' lang='lat' dir='ltr'>br</span> <span class='ocrx_word' id='word_1_538' title='bbox 1424 6283 1564 6367; x_wconf 91' lang='lat' dir='ltr'>robore</span> <span class='ocrx_word' id='word_1_539' title='bbox 1591 6283 1829 6392; x_wconf 79' lang='lat' dir='ltr'>praestarent,</span> <span class='ocrx_word' id='word_1_540' title='bbox 1857 6291 1971 6370; x_wconf 87' lang='lat' dir='ltr'>armis</span> <span class='ocrx_word' id='word_1_541' title='bbox 1990 6288 2047 6368; x_wconf 88' lang='lat' dir='ltr'>in·</span> 
     </span>
     <span class='ocr_line' id='line_1_56' title="bbox 415 6394 2047 6508; baseline -0.004 -23"><span class='ocrx_word' id='word_1_542' title='bbox 415 6401 637 6489; x_wconf 78' lang='lat' dir='ltr'>liruslos&#39;in</span> <span class='ocrx_word' id='word_1_543' title='bbox 653 6403 862 6490; x_wconf 88' lang='lat' dir='ltr'>exercitum</span> <span class='ocrx_word' id='word_1_544' title='bbox 879 6410 919 6488; x_wconf 80' lang='lat' dir='ltr'>tr</span> <span class='ocrx_word' id='word_1_545' title='bbox 934 6400 988 6488; x_wconf 89' lang='lat' dir='ltr'>ad</span> <span class='ocrx_word' id='word_1_546' title='bbox 1000 6398 1143 6486; x_wconf 79' lang='lat' dir='ltr'>militia</span> <span class='ocrx_word' id='word_1_547' title='bbox 1159 6396 1267 6484; x_wconf 92' lang='lat' dir='ltr'>usum</span> <span class='ocrx_word' id='word_1_548' title='bbox 1283 6394 1482 6508; x_wconf 86' lang='lat' dir='ltr'>stipendiis</span> <span class='ocrx_word' id='word_1_549' title='bbox 1503 6394 1753 6507; x_wconf 78' lang='lat' dir='ltr'>amplioribus</span> <span class='ocrx_word' id='word_1_550' title='bbox 1775 6397 1954 6508; x_wconf 85' lang='lat' dir='ltr'>recepit,</span> <span class='ocrx_word' id='word_1_551' title='bbox 1985 6397 2047 6482; x_wconf 89' lang='lat' dir='ltr'>iis·</span> 
     </span>
     <span class='ocr_line' id='line_1_57' title="bbox 1136 6533 2045 6618; baseline 0.006 -30"><span class='ocrx_word' id='word_1_552' title='bbox 1136 6581 1142 6588; x_wconf 87' lang='lat'><em>.</em></span> <span class='ocrx_word' id='word_1_553' title='bbox 1965 6533 2045 6618; x_wconf 91' lang='lat' dir='ltr'>que</span> 
     </span>
    </p>
   </div>
   <div class='ocr_carea' id='block_1_11' title="bbox 0 3535 2209 7067">
    <p class='ocr_par' dir='ltr' id='par_1_33' title="bbox 0 3535 2209 7067">
     <span class='ocr_line' id='line_1_58' title="bbox 0 3535 2209 7067; baseline 0 0"><span class='ocrx_word' id='word_1_554' title='bbox 0 3535 2209 7067; x_wconf 95' lang='lat' dir='ltr'> </span> 
     </span>
    </p>
   </div>
   <div class='ocr_carea' id='block_1_12' title="bbox 606 4409 2210 4524">
    <p class='ocr_par' dir='ltr' id='par_1_34' title="bbox 606 4409 2210 4524">
     <span class='ocr_line' id='line_1_59' title="bbox 606 4409 2210 4524; baseline 0.003 -30"><span class='ocrx_word' id='word_1_555' title='bbox 606 4416 658 4497; x_wconf 89' lang='lat' dir='ltr'>rbi</span> <span class='ocrx_word' id='word_1_556' title='bbox 674 4411 773 4495; x_wconf 77' lang='lat' dir='ltr'>faeta</span> <span class='ocrx_word' id='word_1_557' title='bbox 795 4413 992 4524; x_wconf 87' lang='lat' dir='ltr'>regionem</span> <span class='ocrx_word' id='word_1_558' title='bbox 1021 4412 1122 4493; x_wconf 88' lang='lat' dir='ltr'>illam</span> <span class='ocrx_word' id='word_1_559' title='bbox 1147 4433 1331 4522; x_wconf 88' lang='lat' dir='ltr'>tanquam</span> <span class='ocrx_word' id='word_1_560' title='bbox 1350 4413 1538 4495; x_wconf 75' lang='lat' dir='ltr'>subaslam</span> <span class='ocrx_word' id='word_1_561' title='bbox 1561 4409 1798 4520; x_wconf 78' lang='lat' dir='ltr'>possidebat,</span> <span class='ocrx_word' id='word_1_562' title='bbox 1825 4415 1863 4492; x_wconf 80' lang='lat' dir='ltr'>ur</span> <span class='ocrx_word' id='word_1_563' title='bbox 1883 4439 1974 4494; x_wconf 89' lang='lat' dir='ltr'>curn</span> <span class='ocrx_word' id='word_1_564' title='bbox 1991 4443 2059 4498; x_wconf 61' lang='lat' dir='ltr'>ac*</span> <span class='ocrx_word' id='word_1_565' title='bbox 2209 4497 2210 4506; x_wconf 21' lang='lat' dir='ltr'>t</span> 
     </span>
    </p>
   </div>
   <div class='ocr_carea' id='block_1_13' title="bbox 2210 3546 2266 7056">
    <p class='ocr_par' dir='ltr' id='par_1_35' title="bbox 2210 3546 2266 7056">
     <span class='ocr_line' id='line_1_60' title="bbox 2210 3546 2266 7056; baseline 0 0"><span class='ocrx_word' id='word_1_566' title='bbox 2210 3546 2266 7056; x_wconf 95' lang='lat' dir='ltr'> </span> 
     </span>
    </p>
   </div>
  </div>
 </body>
</html>
