4490 7184
673 241 1387 376 prosumnustu
1468 209 1566 378 ’,
1792 303 1844 404 n

222 409 371 510 critcm
399 427 439 505 dc
464 419 706 534 equitatum,
732 421 797 503 cui
813 419 892 528 ipse
911 438 1091 526 praeerat,
1117 419 1228 505 dedit
1244 420 1456 532 impetum:
1480 392 1592 508 simul
1612 421 1840 508 Grrec'orum
1855 431 2037 494 MGIDAR:

220 532 468 631 mercenarii,
497 531 567 642 qui
580 532 680 614 circa
699 527 934 640 Phalangem
953 527 1105 613 fuerant
1123 530 1173 612 ab
1192 530 1392 616 Antiocho
1400 533 1618 629 constituti,
1645 534 1841 628 Ptolemaei
1851 528 1968 570 ‘⁰⁸¹⁰‘

220 669 389 731 cetratos
412 641 634 754 impellunt,
668 651 838 751 quorum
861 639 942 746 jam
961 639 1053 723 autb
1072 640 1250 737 ordines,
1279 641 1407 728 bestiae
1423 645 1691 740 turbaverant,
1719 673 1764 729 ac
1781 645 1843 728 lae·

217 786 317 888 gum
330 755 494 881 quidem
507 750 706 837 Ptolemaei
725 775 845 834 comu
861 750 939 834 hoc
955 751 1071 861 pasto
1090 748 1335 863 oppress‘um,
1363 754 1473 838 omni
1487 753 1843 868 erpattcinfugam

221 870 504 1061 mlblglaagclbates
528 971 625 1055 verb
646 970 718 1084 qui
742 969 783 1052 in
803 967 943 1054 dextro
966 925 1157 1065 curssat,
1194 969 1403 1082 postquam
1418 971 1615 1084 pulverem
1639 971 1836 1088 ingentem
1848 975 1921 1042 nrt.

217 1087 310 1194 ferti
332 1089 374 1170 in
397 1077 487 1169 suos
514 1081 637 1176 vidit,
671 1080 808 1162 bellias
823 1103 950 1164 autem
999 1082 1091 1163 uaea
1108 1079 1183 1162 luis
1201 1083 1372 1189 partibus
1380 1083 1559 1179 stabant,
1587 1108 1638 1168 ne
1654 1084 1838 1170 accedere

214 1199 379 1308 quidem
406 1197 491 1280 ullo
515 1192 641 1276 modo
664 1190 714 1272 ad
747 1189 898 1274 hostem
918 1105 1037 1286 velle,
1066 1188 1253 1274 Phoxidae
1271 1193 1499 1278 Graecorum
1515 1198 1840 1280 mercenariorum

198 1309 372 1396 ductori
396 1304 587 1399 mandat,
624 1323 669 1386 ut
686 1298 895 1427 'oppositos
916 1298 983 1383 srbi
1008 1299 1140 1384 hostes
1156 1301 1378 1400 invaderet,
1407 1305 1421 1386 i
1451 1305 1489 1388 le
1506 1303 1701 1416 equitibus
1719 1306 1842 1420 longo

212 1420 374 1532 agmine
392 1416 565 1510 eduilis,
593 1410 771 1495 hollrlem
791 1431 1008 1522 equitatum
1025 1413 1047 1493 l
1063 1433 1175 1521 tergo
1192 1416 1232 1494 bc
1249 1411 1366 1500 latere
1380 1332 1559 1499 atharicus
1571 1413 1752 1530 infugam
1762 1421 1844 1502 citb

209 1530 349 1616 vertit:
375 1526 481 1612 idem
500 1533 542 1612 δι
561 1520 757 1605 Phorcidas
777 1530 818 1605 δι
834 1546 972 1606 omnes
1019 1521 1057 1603 ui
1071 1521 1172 1606 circa
1191 1521 1298 1605 illum
1312 1547 1444 1621 erant,
1473 1522 1665 1612 fecerunt:
1693 1525 1843 1610 inAra·

214 1643 286 1725 bes
312 1640 485 1749 nemque
510 1632 723 1761 &Medos
742 1549 1121 1758 lailaimprelllrone,
1148 1651 1254 1744 terga
1271 1635 1737 1748 dareomnescoegerunt.
1764 1637 1844 1750 lgi.
2000 1712 2004 1718 ,

214 1763 283 1835 'tut
305 1748 487 1834 dextrum
505 1742 666 1858 qurdem
684 1743 872 1856 Antiochi
886 1769 1009 1827 cornu
1029 1766 1181 1826 vincere
1203 1794 1216 1837 ,
1252 1748 1292 1826 δι
1315 1742 1502 1829 sinistrum
1518 1744 1649 1852 vinci,
1682 1753 1723 1830 dc
1748 1749 1843 1834 culm

217 1863 298 1944 hoc
323 1861 440 1968 padio
458 1855 674 1967 Phalanges
696 1853 904 1936 amborum
934 1851 1089 1936 nudatae
1107 1851 1182 1937 suis
1202 1853 1385 1940 cornibus
1404 1855 1548 1952 client,
1576 1854 1668 1967 ipsae
1688 1856 1846 1942 interim

220 1969 357 2056 medio
382 1995 524 2080 campo
547 1965 755 2050 manebant
776 1964 876 2048 inter
897 1960 1008 2074 spem
1026 1961 1257 2074 menimque
1278 1963 1478 2052 defuturo
1492 1965 1636 2079 pariter
1654 1963 1847 2054 fluituan·

224 2104 298 2168 tes.
732 2110 737 2120 ’

271 2191 514 2298 Quaequum
522 2184 758 2298 agebantur,
783 2179 1004 2267 Antiochus
1022 2181 1062 2266 in
1081 2181 1230 2268 dextro
1246 2209 1367 2268 comu
1376 2183 1597 2298 prosperam
1606 2212 1777 2300 pugnam
1787 2185 1919 2272 mute

213 2303 361 2388 ciebat:
397 2297 628 2382 Ptolemaeus
651 2294 767 2389 verb,
805 2293 875 2402 qui
891 2293 929 2377 se
944 2295 984 2377 iu
1000 2293 1237 2418 Phalangem
1254 2292 1296 2400 se
1308 2317 1522 2406 receperat,
1551 2313 1676 2407 quum
1691 2297 1732 2381 in
1758 2324 1843 2382 me·

213 2414 323 2498 diam
337 2403 554 2522 progrellus
569 2404 693 2488 aciem
708 2402 890 2501 venillet,
916 2401 1035 2514 seque
1051 2403 1235 2490 militibus
1243 2401 1467 2491 ostendiffet
1474 2461 1487 2502 ,
1515 2427 1665 2492 tantam
1673 2405 1750 2492 suis
1768 2409 1844 2492 ala·

217 2525 416 2617 critatem,
444 2516 618 2603 hostibus
636 2513 730 2598 verb
747 2540 932 2624 pavorem
947 2515 1199 2628 ingeneravit.
1253 2515 1377 2626 Igitur
1397 2517 1699 2606 Andromachus
1717 2526 1757 2603 dc
1774 2520 1847 2604 So·

214 2633 338 2718 fibius
361 2631 402 2712 in
417 2627 568 2714 hostem
587 2625 731 2709 ducere
748 2646 971 2736 coeperunt:
997 2625 1140 2708 delesti
1156 2625 1317 2735 quidem
1337 2626 1361 2709 ὲ
1378 2648 1476 2710 terra
1490 2627 1597 2738 Syria
1613 2628 1751 2713 milites
1775 2628 1847 2711 ali·

212 2742 382 2855 quando
403 2740 445 2821 in
468 2738 549 2824 acie
572 2734 811 2832 relliterunt,
841 2757 885 2818 ut
909 2736 978 2845 qui
1002 2734 1190 2822 Nicarchi
1212 2737 1333 2820 dudlu
1351 2738 1601 2850 regebantur,
1625 2759 1666 2823 at
1686 2737 1753 2822 vix
1768 2737 1845 2850 pri·

209 2882 327 2940 mum
346 2849 573 2933 sustinentes
587 2847 798 2954 impetum,
826 2842 965 2948 cellere
984 2847 1240 2958 pugnamque
1255 2847 1426 2931 omisere

271 2958 492 3046 Antiochus
512 2978 557 3042 ut
572 2981 697 3040 terum
713 2955 915 3066 imperitus
930 2983 976 3039 ac
996 2955 1170 3064 juvenis,
1198 2957 1290 3068 quia
1304 2955 1607 3066 ipseexadverlo
1615 2956 1756 3044 stantes
1766 2957 1836 3043 ho
1847 3001 1921 3065 M

216 3074 296 3202 iles
315 3073 476 3165 vicerat,
509 3089 657 3153 ceteras
672 3091 836 3177 quoque
854 3064 910 3148 sui
930 3066 1119 3151 exercitus
1164 3089 1269 3192 'artes
1284 3067 1594 3204 pinsere-omncs
1608 3091 1743 3193 tatus,
1769 3065 1834 3151 fu·

212 3173 912 3396 ffifflfhiiiimlluihdih
931 3176 1135 3398 tulli..
1155 3175 1842 3400 tlhllmltl’thlffi

214 3405 336 3494 castra
359 3395 698 3513 ipfiusferebatur=
737 3397 820 3482 tbm
837 3394 995 3479 demum
1014 3421 1055 3480 re
1074 3397 1249 3507 cognita,
1278 3397 1592 3494 ineumlocum,¹
1615 3396 1846 3486 ubissetttat

216 3517 340 3611 acies,
365 3533 560 3596 accurrere
573 3528 734 3591 conatus
745 3559 760 3604 ,
786 3506 855 3590 ubi
872 3531 1010 3592 omncs
1024 3503 1115 3592 suos·
1127 3505 1696 3622 firgaesemaudass'ecompetit,
1721 3509 1843 3596 etiam

216 3619 517 3742 ipseRapbiam
532 3614 733 3704 concellit.
1261 3635 1263 3640 ·

275 3733 506 3820 Ptolemaeus
519 3729 745 3841 prosperum
759 3725 916 3810 summae
932 3753 1058 3811 rerum
1068 3749 1250 3816 eventum
1268 3727 1579 3858 perl’halangem
1588 3727 1915 3826 consecutusnnt.

213 3840 636 4050 emittant
649 3837 1844 4061 ...q

182 4069 194 4088 '
216 4067 372 4180 risque,
398 4063 566 4150 hostium
584 4079 716 4144 autem
737 4055 927 4172 spoliatis,
955 4071 1087 4146 movet
1103 4059 1207 4175 ligna
1224 4069 1265 4148 bt
1282 4062 1481 4172 Raphiam
1498 4062 1616 4146 ducit.

278 4173 498 4260 Antiochus
521 4169 646 4258 statim
668 4169 691 4252 d
713 4167 805 4281 fuga
828 4220 843 4264 ,
879 4168 952 4251 suis
974 4169 1177 4266 collobiis,
1196 4164 1252 4256 ‘ex
1269 4171 1366 4255 urbe
1391 4173 1508 4257 castra
1530 4173 1680 4257 munite
1705 4170 1916 4266 solue-rim.

215 4309 302 4382 rat,
341 4284 408 4392 scd
422 4286 514 4395 quia
536 4281 675 4366 milites
692 4279 776 4387 ejus
796 4303 934 4392 magna
949 4304 998 4363 ex
1020 4303 1129 4389 parte
1143 4283 1240 4366 iutra
1258 4281 1401 4367 moenia
1419 4302 1734 4395 penetraverant,
1760 4283 1773 4366 i
1803 4279 1842 4366 se

218 4423 387 4509 quoque
403 4393 553 4508 ingredi
568 4391 642 4475 fuit
656 4391 823 4474 coadius.
876 4389 1073 4499 Sequente
1091 4390 1155 4476 die
1177 4389 1302 4478 ductis
1318 4392 1388 4474 sub
1404 4419 1580 4478 auroram
1588 4393 1732 4506 copiis,
1801 4418 1843 4475 a·

222 4525 315 4594 bam
335 4505 558 4599 contendit,
594 4503 659 4582 ubi
686 4497 820 4610 politis
834 4499 962 4582 castris
976 4498 1026 4582 ad
1047 4500 1299 4588 Ptolemaeum
1315 4503 1368 4586 de
1389 4492 1573 4588 tollendib
1595 4502 1845 4587 cadaveribus

219 4623 362 4713 mittit,
389 4613 671 4722 impetrataque
681 4608 937 4705 abcovenia,
960 4613 1124 4694 mortuis
1137 4613 1238 4722 julla
1253 4611 1358 4696 facit.
1391 4613 1848 4698 Denderatisuntexnn·

216 4730 344 4818 tiochi
360 4725 542 4810 militibus
557 4749 637 4805 non
657 4720 783 4804 multb
825 4721 997 4803 auciores
1012 4720 1178 4806 millibus
1192 4721 1329 4806 decem
1338 4723 1534 4834 peditum,
1563 4723 1723 4805 trecenti
1733 4720 1846 4831 equi·

220 4864 305 4938 tes,
338 4847 380 4922 δι
404 4837 458 4922 eb
484 4836 632 4946 plures:
657 4831 762 4940 ca'pti
784 4749 872 4914 {bnt
896 4829 977 4913 riti
1001 4829 1109 4940 supra
1131 4859 1300 4944 quatuor
1324 4833 1459 4930 millia,
1484 4832 1681 4942 elephanti
1696 4831 1735 4914 in
1751 4859 1846 4916 con·

221 4952 332 5038 flictu
348 4951 495 5058 periere
512 4969 588 5029 tres
611 4941 896 5046 dvolneribus,
919 4939 1055 5052 posted
1075 4941 1165 5026 duo.
1221 4943 1280 5036 Ex
1296 4943 1538 5028 Ptolemaicis
1555 4942 1669 5030 occifi
1681 4939 1769 5026 sunt
1830 4990 1846 5011 ·

221 5065 326 5146 dites
339 5059 441 5144 mille
458 5053 664 5167 quingenti
683 5105 696 5146 ,
723 5052 875 5164 equites
893 5050 988 5133 verb
1005 5053 1253 5168 septingenti:
1281 5081 1329 5138 ex
1346 5055 1559 5165 elephantis
1574 5052 1738 5137 sedecim
1773 5075 1843 5139 unt

166 5267 170 5274 ,
224 5170 429 5264 trucidati,
456 5165 694 5273 reliquorum
711 5189 799 5272 pars
818 5160 943 5268 major
957 5185 1081 5272 capta.
1137 5161 1691 5280 Hiefuitejuspuguaeexitus,
1718 5188 1841 5275 quam

221 5285 278 5368 'de
296 5278 515 5390 Coelesytiae
530 5277 696 5384 imperio
710 5273 760 5356 ad
781 5272 844 5355 Ra
874 5272 977 5355 biam
994 5277 1127 5382 Reges
1139 5273 1318 5360 inierunt.

279 5391 417 5476 Vistot
443 5385 672 5511 Ptolemaeus
695 5389 735 5465 δι
754 5301 955 5492 Raphiam
966 5435 979 5476 ,
1013 5383 1257 5508 reliquisque
1273 5384 1493 5497 Coelesyriae
1510 5385 1624 5470 urbes
1644 5384 1667 5465 i
1686 5382 1842 5468 civibus

223 5504 300 5590 suis
324 5500 482 5586 traditas
503 5519 671 5605 recepit,
696 5517 820 5604 quum
834 5518 974 5577 omnes
988 5517 1160 5579 crvttates
1175 5494 1216 5576 in
1236 5494 1439 5580 dominatu
1457 5493 1578 5606 iplius
1594 5491 1843 5578 instaurando

221 5623 263 5699 lc
282 5609 502 5697 deficiendo
515 5606 567 5690 ad
582 5606 687 5690 illum
705 5605 758 5685 de
772 5600 963 5688 celeritate
981 5603 1080 5688 inter
1096 5603 1135 5688 se
1151 5627 1350 5692 certarent.
1407 5605 1474 5688 Est
1482 5603 1841 5690 sandmoshiccun·

222 5727 296 5811 elis
318 5722 542 5809 mortalibus
568 5715 610 5799 in
633 5712 824 5826 ejusmodi
843 5713 1104 5826 temporibus,
1129 5739 1175 5798 ut
1193 5715 1367 5824 praescnti
1383 5713 1546 5800 fortunae
1564 5717 1603 5799 se
1622 5739 1841 5799 accommo-

222 5838 331 5922 dent.
388 5831 453 5916 Fit
471 5832 587 5913 etiam
610 5825 739 5911 nescio
757 5847 840 5933 quo
857 5825 981 5909 modo
991 5878 1005 5922 ,
1031 5847 1076 5909 ut
1094 5824 1314 5940 Coelesyriae
1329 5827 1467 5940 populi
1480 5825 1533 5910 ad
1547 5824 1838 5910 venerationem

215 5947 338 6054 hujus
355 5939 492 6056 ttegtae
510 5937 629 6053 magis
648 5937 840 6020 inclinent.
895 5935 1036 6046 ltaque
1050 5935 1101 6020 ad
1117 5934 1396 6020 demerendam
1412 5937 1499 6041 ejus
1516 5939 1678 6048 gratiam
1685 5934 1835 6020 nullum

217 6053 474 6144 blandimenti
496 6077 620 6164 genus
633 6043 985 6158 pretermittentes,
1010 6046 1194 6143 coronis,
1222 6045 1434 6142 sacrificiis,
1457 6046 1661 6144 altaribus,
1687 6051 1966 6175 cetero-m.

218 6197 302 6288 que
328 6167 414 6276 ejus
439 6163 587 6277 generis
609 6159 717 6247 cultu
738 6155 992 6245 Ptolemaeum
1014 6156 1274 6244 honorarunt:
1296 6157 1362 6244 ille
1383 6155 1623 6273 propinquas
1662 6158 1924 6353 cigiiltatesnsq.
1955 6153 1965 6192 '·

389 6313 395 6326 '
1677 6295 1705 6354 ἶ
1747 6294 1842 6369 emp
