4522 7070
830 339 1572 445 'PRAEFATIQ

229 489 231 492 ’
405 487 497 549 tam.
540 457 833 572 ‘Qtlmlongo
848 487 943 544 veto
963 451 1143 570 tempore
1157 459 1389 568 opus-fuerit
1407 459 1457 541 ad
1477 455 1669 568 ejusmodi
1686 455 1934 552 Numismata
1954 489 2059 548 eon.

404 569 592 684 quirenda
612 624 625 666 ,
653 571 722 682 qui
741 572 868 662 secum
886 593 1063 678 reputare
1081 569 1273 678 voluerit:
1300 567 1480 654 fatebitur
1496 567 1673 678 profesio
1690 569 1827 682 viginti
1840 571 1926 656 illos
1942 598 2060 660 toros

404 709 557 776 annos,
586 683 655 792 qui
678 681 727 762 ab
748 681 857 766 edita
873 679 1157 764 Seleucidarum
1181 679 1353 763 Historia
1372 679 1610 764 intercessere
1632 682 1732 763 hanc
1755 681 1806 764 ad
1822 681 1956 781 diem,
1986 687 2055 770 vix

408 791 580 877 sufficere
596 791 788 902 potuine,
816 813 859 874 ur
877 817 946 873 eos
962 789 1048 874 satis
1064 816 1208 903 magno
1229 817 1393 874 numero
1408 816 1668 898 compararem
1686 844 1699 886 ,
1756 816 1826 876 uot
1840 818 1947 878 nunc
1962 797 2058 880 sunt

408 930 530 1030 penes
550 928 633 996 me,
650 902 719 1011 qui
736 903 857 995 unus,
884 901 978 984 citra
992 900 1217 1008 jastantiam
1235 901 1380 985 dissum
1396 899 1464 998 srr,
1482 901 1609 1014 plures
1625 819 1823 1014 posl‘tdeo,
1840 905 1960 1014 quim
1976 901 2057 990 lint

407 1043 449 1100 tn
468 1009 649 1108 universis
663 1015 783 1096 torius
800 1012 967 1120 Europre
983 1010 1169 1114 Cimeliis.

464 1125 522 1206 Ex
540 1123 600 1206 his
618 1146 713 1232 ergo
727 1121 839 1204 molis
854 1121 1028 1204 marrimae
1036 1121 1079 1204 N
1083 1121 1224 1204 ummis
1238 1143 1320 1204 turn
1338 1117 1463 1204 varios
1475 1119 1632 1234 Regum
1649 1117 1779 1204 vultus
1795 1101 1903 1210 licuit
1918 1121 2056 1208 distin·
2226 1213 2227 1216 a

407 1261 540 1347 gnere,
555 1256 638 1317 tum
655 1258 703 1315 ex
717 1229 903 1341 appositis
918 1231 1026 1341 tegni
1050 1233 1160 1315 annis
1177 1230 1345 1342 fingulos
1361 1231 1539 1342 quosque
1555 1231 1630 1314 suis
1644 1231 1739 1314 locis
1753 1231 1969 1342 disponere.
1986 1235 2055 1319 Sic
2226 1247 2227 1272 ¹

407 1346 511 1429 enim
532 1368 684 1426 mecum
703 1343 785 1452 ipse
796 1341 910 1427 slatui
930 1369 976 1426 ea
990 1340 1035 1424 N
1038 1341 1238 1425 umismara
1253 1345 1295 1423 in
1311 1343 1452 1451 quibus
1470 1367 1595 1425 annus
1610 1341 1809 1426 vicesrmus
1828 1343 1877 1427 V.
1895 1348 1948 1427 G.
1976 1373 2054 1428 no·

406 1478 508 1540 tatus
523 1450 648 1550 esser,
675 1451 727 1535 ad
745 1477 814 1536 eos
832 1451 1023 1564 pertinere
1051 1453 1185 1578 Reges
1201 1477 1281 1534 non
1297 1447 1442 1646 1gossgi,
1468 1453 1538 1561 qui
1562 1451 1757 1577 decimum
1784 1480 1850 1540 aur
1865 1456 2054 1647 quinstum

1338 1587 1399 1645 ern
1430 1587 1559 1671 equae
1577 1587 1818 1672 rescutque,
1846 1591 1934 1678 quae
1965 1595 2055 1678 ym-

405 1567 600 1650 decimum
617 1561 726 1676 tegni
747 1587 892 1646 annum
915 1589 997 1644 non
1020 1562 1241 1676 attigissent.

406 1675 523 1771 bola,
550 1699 638 1786 quae
657 1675 816 1757 nomina
838 1671 1036 1758 communi
1061 1681 1257 1757 Autorum
1280 1670 1465 1754 consensu
1490 1673 1646 1782 propria
1663 1669 1848 1769 fuissent,
1875 1701 1922 1776 ea
1940 1677 2053 1762 certe

407 1785 488 1870 aliis
506 1783 839 1869 accommodanda
856 1811 937 1866 non
953 1781 1058 1879 esse,
1087 1784 1152 1866 sed
1168 1783 1321 1866 tantirm
1341 1779 1496 1894 singulis
1512 1785 1619 1892 quod
1636 1781 1745 1872 suum
1763 1785 1868 1871 esset.
1904 1787 1964 1871 lta
1981 1791 2053 1873 ab·

406 1895 500 1978 solvi
528 1893 686 1980 tandem
713 1919 814 2004 opus
829 1889 1100 1978 difficillimum
1120 1899 1160 1976 ὁ(
1174 1889 1503 1977 intricatisltmum.
1549 1901 1612 1974 An
1633 1893 1731 1976 veto
1751 1894 1837 1978 satis
1859 1894 2054 1995 feliciter,

407 2003 574 2116 satisque
590 2004 642 2088 ad
655 2003 913 2088 illustrandam
929 2005 1188 2115 antiquiorem
1208 2002 1420 2085 Historiam
1440 2003 1688 2112 opportund,
1712 2027 1823 2090 tuum
1843 2007 1928 2090 esto
1940 2007 2053 2094 Loc-

410 2119 502 2198 ¹ron
532 2115 773 2208 Enuorrn,
799 2140 846 2196 ex
862 2114 922 2197 his
936 2141 1025 2226 quae
1039 2113 1211 2199 dissutus
1225 2115 1328 2205 sum,
1351 2111 1553 2220 judicium.

465 2225 722 2310 Conveniunt
750 2225 962 2334 Scriptores
985 2226 1088 2336 penti
1115 2249 1253 2306 omnes
1276 2249 1441 2334 regnum
1467 2221 1763 2307 Ptolemaronrm
1789 2223 1974 2309 inchoare
1998 2227 2052 2310 ab

409 2333 650 2447 Olympiade
664 2362 681 2417 ι
694 2359 753 2437 ¹4·
763 2333 986 2418 Alexandro
1002 2334 1142 2422 scilicet
1157 2357 1314 2418 mortuo
1323 2331 1453 2415 mense
1462 2332 1620 2428 Doesio,
1637 2335 1708 2443 qui
1723 2335 1853 2418 nollro
1862 2337 1976 2420 Maio
1990 2365 2052 2424 re·

405 2445 595 2550 spondet:
621 2444 686 2530 sed
703 2441 890 2558 regnandi
906 2444 1060 2528 initium
1072 2442 1317 2528 Alexandrini
1332 2442 1582 2528 tribuendum
1595 2444 1824 2529 censuerunt
1842 2445 1962 2529 mensi
1977 2447 2050 2533 suo

404 2547 519 2641 Thot
536 2554 708 2664 ejusdem
724 2556 842 2650 anni,
868 2555 937 2664 qui
953 2555 1089 2665 incipit
1110 2553 1345 2638 duodecima
1361 2553 1600 2637 Novembris
1614 2555 1734 2638 nostri
1756 2555 1821 2639 die
1836 2557 1864 2638 st
1881 2557 2052 2668 Capello

408 2666 634 2766 credimus,
661 2663 726 2747 sed
742 2689 842 2773 quot
857 2663 913 2746 sin
944 2667 995 2748 uli
1010 2667 1143 2782 Reges
1157 2665 1268 2748 annis
1282 2665 1544 2774 regnaverint,
1569 2690 1652 2748 non
1667 2691 1784 2776 parta
1800 2668 1900 2751 inter
1913 2667 2051 2754 l-listo·

405 2779 505 2860 ricos
521 2773 778 2892 controversia
801 2775 869 2858 ell.
914 2691 1065 2887 heque
1079 2773 1316 2860 constantior
1334 2773 1446 2880 ullius
1463 2773 1559 2857 sides
1577 2774 1628 2858 de
1642 2775 1752 2859 annis
1767 2775 1822 2858 AE
1904 2778 1935 2862 ri
1951 2779 2051 2865 Mo·

405 2887 583 2970 tratc'hiae.
637 2885 824 2969 Fatentut
838 2909 968 2970 tamen
982 2884 1175 2980 universa,
1203 2910 1286 2969 tum
1302 2883 1464 2968 demiror
1483 2882 1654 2979 desiisse,
1680 2911 1802 2996 quum
1857 2887 2051 2976 Romanis

404 2996 558 3082 redasla
575 2995 617 3077 in
639 2994 880 3080 Provinciam
903 2995 1101 3112 AEgyptus
1123 2995 1206 3090 est,
1243 2995 1331 3106 poll
1358 2995 1545 3078 Achaiam
1569 3021 1771 3109 pugnam,
1798 2997 1978 3110 Augusto
1995 3002 2051 3088 de

406 3126 627 3234 espugnara
646 3106 904 3204 Alexandria,
931 3113 971 3190 δι
993 3107 1128 3192 adada
1141 3103 1193 3188 ad
1211 3127 1375 3190 mortem
1396 3107 1646 3214 spontaneam
1659 3107 1813 3216 Regina
1820 3107 2049 3232 Cleopatra,

405 3215 678 3412 triumphante.
701 3217 851 3303 Scimus
870 3243 1000 3302 tamen
1018 3215 1271 3303 Ptolemaeum
1287 3217 1386 3301 inter
1401 3217 1967 3448 Gmfflpiihiunhpiiffi
1973 3249 2048 3420 ,g

406 3337 486 3426 rae,
539 3324 854 3440 osliffimquue
871 3329 1009 3413 nostris
1023 3327 1268 3440 temporibus
1285 3325 1488 3414 Peranum
1504 3379 1519 3424 ,

405 3436 599 3550 nosipsos
617 3465 707 3544 294
735 3437 915 3524 tribuisse.

468 3547 1062 3662 samutdicatnusdesmgolis,
1086 3541 1901 3660 primusisterssotemaeosquisnhodiis
1917 3573 2048 3638 annus

333 3705 336 3712 ⁴
409 3658 536 3744 didius
550 3659 634 3756 est,
663 3659 773 3770 quod
792 3687 937 3746 nomen
963 3657 1083 3770 ipfius
1097 3658 1247 3743 nummi
1270 3657 1487 3754 exhibent,
1514 3658 1688 3768 regnavit
1704 3685 1830 3745 annos
1855 3659 1962 3776 ipsos
1977 3689 2048 3769 4⁰·
2205 3767 2209 3776 ι

380 3769 457 3854 ¹lic
475 3770 610 3854 volunt
625 3775 694 3880 qui
714 3766 794 3853 filio
810 3771 895 3880 ejus
921 3791 1164 3868 otnaarnnnt
1193 3795 1317 3852 annos
1341 3773 1407 3880 38.
1436 3767 1612 3853 tribuere.
1670 3765 2043 3882 Vetitmquiaeon·
2209 3791 2212 3800 '

405 3881 476 3964 star
490 3877 632 3963 cessisse
652 3881 795 3993 Regno
810 3905 957 3992 partem
975 3883 1014 3960 in
1035 3877 1100 3962 filii
1120 3881 1281 3994 gratiam
1300 3878 1456 3962 duobus
1470 3901 1561 3963 ante
1576 3901 1744 3963 mortem
1759 3879 1893 3979 annis,
1919 3909 2046 3996 quum

401 3989 546 4074 diceret
565 3989 602 4073 se
619 3989 804 4099 deinceps
827 3991 932 4102 apud
954 3987 1073 4074 filium
1098 3989 1315 4074 Praeroriani
1328 3989 1498 4072 custodis
1515 3989 1606 4073 loco
1624 3991 1700 4074 elle
1714 3990 1811 4075 velle
1825 4021 1835 4073 τ
1851 3993 2048 4082 nilmitum

403 4097 528 4184 salillo
548 4125 670 4182 annos
693 4102 822 4212 Regni
851 4128 920 4205 40.
946 4099 1154 4200 dederim,
1180 4101 1349 4184 maximi
1373 4099 1557 4212 quum-in
1580 4123 1765 4214 argenteo
1782 4102 1867 4210 ejus
1881 4131 2046 4190 nummo

401 4207 547 4297 annum
569 4237 631 4318 39.
659 4209 824 4294 habeam
839 4210 1066 4322 expressum.
1120 4219 1122 4224 ’

451 4321 867 4405 Ptolemaeusvocarus
895 4345 1116 4405 rrrrrrrrrs:
1148 4316 1501 4406 inadunatum
1516 4319 1626 4403 annis
1640 4321 1815 4434 regnarit
1830 4322 1988 4438 integris
2002 4325 2047 4408 il·

401 4431 503 4515 lis&
526 4429 736 4524 absolutis,
763 4429 951 4514 inchoato
979 4434 1094 4516 etiam
1119 4428 1303 4514 vicesimo
1328 4429 1492 4540 septimo
1514 4431 1564 4513 ad
1588 4429 1750 4540 aliquod
1775 4455 1961 4544 tempus,
1991 4435 2045 4522 sie

396 4533 507 4650 enim
523 4538 724 4625 manifeste
751 4541 939 4652 colligitur
955 4567 1004 4624 est
1031 4567 1083 4624 eo
1100 4567 1294 4624 marmore
1321 4543 1387 4624 cui
1405 4539 1568 4622 thronus
1591 4540 1676 4649 ejus
1701 4536 1905 4650 impofirtts
1932 4544 2044 4633 fuisse

400 4649 570 4737 creditur
579 4703 594 4745 ,
607 4648 803 4760 'quodque
821 4675 926 4735 extat
944 4651 984 4732 in
1001 4653 1094 4735 urbe
1114 4648 1297 4734 Adulenst
1315 4650 1365 4733 ad
1391 4648 1634 4760 Erythrarum
1649 4675 1764 4733 mate.
1802 4655 1847 4736 ln
1864 4679 1917 4744 eo
1935 4657 2041 4743 enim

403 4760 598 4870 exsculpta
618 4760 829 4870 leguntur,
855 4787 942 4872 quae
956 4759 1036 4874 ipse
1059 4757 1205 4876 gessisse
1223 4759 1262 4843 se
1286 4782 1505 4856 memorat,
1531 4757 1583 4842 ad
1600 4757 1785 4845 thronum
1813 4791 1918 4850 anno
1935 4771 2047 4884 regni
2211 4727 2224 4815 ⁸⁴

406 4869 689 5067 ²7l'thitrsiishhls
715 5003 945 5105 ornonsrnr
972 4976 1144 5092 regnasse
1160 5005 1222 5088 17.
1253 4976 1557 5105 annisqcredirur.
1584 4977 1705 5066 Filius
1725 4981 1810 5089 ejus
1836 5007 2043 5073 rnrtssns

400 5115 595 5287 pugg
612 5111 1237 5304 sfioessssssssslsss
1254 5091 2044 5308 {mitiss‘ssstss‘ss‘lzssss‘i

406 5231 480 5398 tiri
545 5227 672 5418 Qiod
695 5227 825 5393 a3utem
852 5307 1064 5421 Lathyrum
1090 5307 1210 5421 vulgis
1235 5310 1468 5422 appellatum
1497 5310 1683 5418 majorem
1709 5311 1829 5396 filium
1853 5235 1938 5425 eihs
1962 5317 2044 5430 spe·

406 5425 503 5518 slat,
521 5421 756 5533 Porphyrius
772 5420 842 5530 qui
860 5445 910 5503 eo
924 5419 1016 5505 loco
1032 5418 1131 5503 visus
1146 5420 1200 5504 ess
1215 5421 1393 5505 omnium
1409 5419 1639 5505 exarsiffims
1659 5449 1881 5522 numerare,
1908 5429 2041 5516 tribuit

408 5533 578 5646 primirm
600 5531 759 5643 quidem
774 5555 899 5612 annos
916 5555 985 5657 ιο..
1006 5531 1149 5643 quibus
1165 5531 1306 5614 exaslis
1321 5529 1416 5614 solio
1432 5529 1562 5643 pulsus
1580 5534 1635 5618 est
1654 5584 1667 5629 ,
1693 5535 1826 5644 postea
1841 5533 1963 5632 fratris
1979 5537 2041 5623 lo·

390 5671 496 5750 ‘cum
515 5644 637 5730 tenuit
666 5640 884 5726 Alexander
896 5667 1007 5726 annts
1037 5667 1099 5743 19.
1122 5667 1215 5725 mort
1230 5640 1458 5752 interempta
1484 5643 1696 5754 Cleopatra
1711 5667 1836 5775 matre
1855 5673 1943 5758 quse
1964 5650 2042 5734 uni
2224 5649 2225 5670 ¹

388 5785 499 5862 ,curn
514 5755 588 5838 illis
609 5753 883 5863 imperaverat,
901 5777 948 5864 ea
967 5750 1073 5836 carde
1087 5751 1293 5838 concitavit
1305 5752 1344 5835 in
1358 5750 1398 5836 se
1412 5751 1757 5839 Alexandrinorum
1774 5785 1946 5858 mimos,
1972 5761 2044 5872 qui

305 5963 311 5976 ι
403 5865 531 5969 eieslo
552 5861 761 5974 parricida,
787 5861 1088 5975 primogenitum
1104 5861 1257 5947 fratrem
1274 5861 1476 5974 &Cyptm
1503 5864 1570 5947 ubi
1585 5866 1790 5982 regnabat,
1810 5871 2042 5955 revocatum

403 5977 501 6060 solio
518 5975 773 6058 restituerunt.
825 5971 977 6057 Tenuit
995 5999 1037 6058 et
1063 6001 1091 6056 o
1103 5971 1196 6055 illud
1220 5971 1404 6082 deinceps
1418 5975 1528 6079 annis
1544 6001 1583 6082 7.
1611 5982 1651 6058 dt
1668 5977 1861 6063 meustbus
1878 5988 1917 6066 6.
1945 5981 2044 6092 ejds·

386 6091 485 6199 'que
502 6083 578 6168 filia
593 6085 775 6167 berenice
792 6091 827 6167 6.
857 6107 930 6167 nec
945 6001 1110 6194 amphitr
1126 6080 1319 6168 mensibus
1334 6087 1544 6193 imperavit.
1934 6141 1937 6144 -

463 6196 631 6281 Mortuo
646 6193 819 6304 Lathyro
836 6191 1006 6306 regnasse
1024 6193 1162 6279 volunt
1175 6193 1410 6304 antiquiores
1419 6194 1605 6281 Historici
1625 6193 1744 6282 filium
1756 6197 1843 6309 ejus
1858 6201 2041 6303 nothum,
2172 6291 2174 6296 ,

1913 6318 2041 6408 Ptole·
