4402 7066
399 401 477 508 nt
942 383 1519 486 ctuortrun

209 536 399 602 unomen.
468 505 575 594 Vere
590 505 691 594 inito
711 504 902 620 nusquam
920 508 1115 594 Antonius
1139 508 1357 624 progress'uu
1374 511 1461 610 est,
1487 509 1606 635 quod
1622 511 1714 600 socii
1733 517 1889 604 navales
1910 522 2060 632 procul

212 635 260 676 ιο·
274 632 343 694 tra·
413 623 465 706 ab
480 617 565 730 ἐρῶ
582 619 825 716 hiemassenr,
849 615 979 702 Caesar
994 642 1125 706 autem
1143 623 1360 736 Agrippam
1378 621 1580 733 praemisit,
1608 628 1678 735 qui
1694 627 1832 713 multas
1852 636 2059 719 onerarias
2138 635 2143 642 '

213 693 376 830 ξ’ἶῖἱῐῖἕξ
411 755 529 817 naves
544 727 761 825 frumento,
775 752 907 855 'arque
921 728 1036 856 armis
1049 756 1217 858 graver,
1243 733 1293 814 ab
1313 729 1523 844 AEgypro,
1549 737 1680 862 Syria,
1707 735 1881 849 Afrique
1895 741 1947 824 ad
1968 743 2060 828 sub·

214 865 276 928 οψ·
289 863 332 928 ru
410 840 553 927 sidium
566 840 620 924 ad
637 853 852 927 Antonrum
866 863 1070 928 vementes
1083 864 1210 954 ceput,
1237 846 1278 923 At
1294 841 1554 941 Methonam,
1580 843 1647 934 ubt
1663 848 1811 932 occisus
1826 850 1884 934 est
1903 854 2057 969 Bogud

405 951 509 1052 re'x,
536 953 784 1064 expugnavit.
840 951 1193 1038 Caesarhiuanimo
1217 951 1354 1038 audiun
1370 953 1589 1041 Brundufio
1604 956 1744 1053 soluit,
1769 958 2058 1064 loniummare

404 1090 496 1148 cum
524 1064 706 1162 omnibus
728 1060 859 1188 ,copiis
885 1061 1066 1171 uajecit,
1105 1061 1348 1174 Aeliumque
1383 1063 1523 1189 petiit,
1559 1067 1626 1151 ubi
1644 1067 1763 1156 clallic
1786 1075 2063 1162 Antoninauae

210 1293 349 1360 nun
404 1171 1580 1414 ”⁰llllltqlt‘llssnlllile‘it‘l‘lllr‘ssllll,
1598 1285 1695 1414 ,tut
1709 1289 1939 1418 ,tamne
1954 1323 2053 1386 mm

402 1395 449 1482 iit
463 1422 566 1507 quos
581 1393 773 1492 habebat,
801 1393 959 1480 Aditum
975 1419 1059 1478 non
1075 1394 1201 1479 multo
1215 1391 1309 1505 post
1323 1418 1451 1492 ventt,
1471 1396 1639 1482 coneum
1654 1401 1798 1484 derude
1815 1405 1965 1492 rtrtbus
1976 1435 2050 1493 ea.

405 1509 479 1592 llra
496 1533 577 1633 non
592 1506 729 1700 prqcul
746 1503 936 1632 iucaesarc
953 1505 1112 1620 poluit,
1139 1511 1180 1591 Ar
1195 1525 1358 1616 utraque
1373 1531 1421 1590 ert
1437 1527 1548 1619 parte
1566 1505 1674 1594 finus
1690 1509 1806 1596 etiam
1821 1518 2051 1628 equitatum

210 1729 270 1794 Dio
288 1730 362 1805 lto·
406 1615 918 1842 suffiEngulopoffilgrippa
934 1723 1155 1813 Leucadem
1173 1715 1534 1838 repenteadveilur
1563 1724 1729 1816 Insulam
1745 1737 1785 1816 At
1812 1761 1934 1822 naves
1952 1765 2050 1852 qure

244 1922 250 1936 ,
405 1842 446 1924 iu
464 1866 510 1924 ea
525 1860 646 1935 erant,
665 1835 783 1952 cepit,
797 1866 844 1923 ac
857 1843 1009 1927 Panare
1037 1836 1183 1923 deinde
1197 1845 1236 1919 Ar
1253 1835 1356 1922 vido
1374 1837 1500 1962 navali
1516 1865 1646 1952 pugna
1657 1839 1713 1943 Q.
1725 1841 1918 1945 Nafidio,
1945 1853 2050 1960 post

405 1950 645 2036 Corinthum
662 1976 826 2061 quoque
842 1949 997 2062 recepit.
1039 1947 1144 2057 Qtae
1161 1973 1285 2076 quum
1301 1947 1509 2036 eventilent
1526 1975 1780 2060 acpraeterea
1832 1958 1890 2040 Μ.
1908 1961 2050 2050 Titius

406 2063 622 2148 &Statiliuu
637 2061 793 2149 Taurus
811 2061 937 2147 subito
950 2057 1077 2146 adorti
1092 2079 1311 2171 equrtatum
1332 2059 1495 2144 Antonii
1510 2057 1706 2160 fudissent,
1723 2063 1953 2178 socir‘rmque
1974 2075 2051 2158 fibi

208 2167 390 2324 lll‘f“·
403 2171 873 2370 t¹¹¹¹²³‘l¹¹tn“-⁶n“²
889 2168 1164 2368 euleu
1179 2167 2051 2373 :dullruultnlsuefflre

464 2313 508 2368 ca
536 2312 609 2368 ntae
750 2312 777 2368 o
835 2310 881 2368 us
1596 2343 1600 2352 .
1750 2315 1852 2374 run.

207 2395 355 2494 nim,
439 2311 537 2481 5Ὀιῖ.
555 2313 786 2490 Domitigls,
821 2393 891 2506 qui
905 2392 1006 2477 solur
1034 2305 1345 2478 Antoegneialra‘lum
1363 2393 1530 2503 partium
1544 2420 1760 2503 numquam
1780 2399 2043 2515 Cleopatram

208 2505 347 2573 unuin.
400 2504 473 2591 nili
488 2507 649 2592 nomine
664 2503 858 2601 salutavit,
883 2499 1054 2590 infensus
1069 2501 1110 2586 R
1163 2503 1171 2518 '
1250 2499 1453 2598 redditur,
1480 2504 1675 2611 sebrejam
1693 2533 1891 2621 correptus
1906 2518 2044 2604 minu.

399 2640 485 2703 tum
503 2621 670 2706 acatium
685 2614 912 2702 conscendit
926 2637 1046 2727 atque
1058 2640 1110 2710 ,a
1151 2613 1340 2698 Caefirem
1357 2613 1469 2710 abiit,
1487 2613 1554 2700 sed
1569 2615 1661 2700 licet
1677 2621 1843 2730 graviter
1856 2623 1900 2713 id
1917 2626 2045 2718 ferret

397 2731 596 2813 Antonius
611 2727 712 2813 mint
728 2726 766 2809 ei
782 2747 913 2811 tamen
927 2745 1063 2810 tonna
1073 2722 1293 2850 Cleopatrae
1306 2723 1531 2809 sententiam
1547 2727 1734 2840 generose
1749 2734 1881 2816 omnia
1902 2737 2040 2850 impe.

398 2837 574 2922 dimenta
590 2864 679 2922 cum
694 2836 827 2920 amicis
842 2835 1023 2918 &servin
1065 2833 1267 2921 Domttiue
1280 2833 1406 2932 vero,
1432 2836 1536 2920 illico
1551 2837 1749 2948 expiravit.
1778 2845 1824 2924 M
1853 2845 2040 2954 Syllanue

308 3037 316 3054 ‚
396 2955 438 3032 Ar
454 2942 1086 3070 Q.1)euius.etiam0desciverunt,
1105 2945 1276 3070 &multi
1288 2971 1430 3071 eorum
1448 2947 1668 3072 cntemplum
1683 2947 1803 3036 secuti
1820 2951 1926 3043 sunt:
1942 2965 2037 3047 An.

204 3148 324 3247 W?
364 3055 1023 3280 'tonlqttseratiuntegqsqtthlgqqmpqrgrqa
1034 3052 1128 3251 gur?
1143 3054 1712 3280 l'll‘astlrsgffiqllifflltcum
1726 3173 1888 3260 navibus
1901 3181 2039 3269 statio·

391 3305 486 3369 nem
517 3281 700 3369 adversim
728 3281 975 3368 Antonianos
998 3274 1178 3376 servabat!
1192 3297 1284 3364 aute
1308 3277 1478 3363 reditum
1511 3284 1548 3363 A
1599 3281 1697 3394 'ppae
1724 3285 2036 3400 aggrederetur,

390 3389 503 3507 posse
518 3417 597 3480 rem
621 3394 792 3506 aliquam
808 3384 1096 3478 memorandam
1109 3413 1273 3502 gerere,
1306 3387 1376 3472 sub
1401 3413 1580 3476 auroram
1596 3394 1758 3504 repente
1782 3419 1919 3484 oontm
1932 3429 2036 3490 eum

388 3505 551 3591 orestus
567 3506 650 3604 est,
676 3503 875 3591 observata
895 3497 1013 3586 densa
1027 3497 1169 3584 nebula
1183 3497 1454 3602 ue'saurefiue
1466 3501 1623 3586 navium
1640 3503 1791 3590 suarum
1810 3508 2036 3602 multitudi-

390 3641 444 3702 ne
462 3616 622 3726 praevifi
638 3615 822 3732 firgeret,
854 3640 902 3697 ac
920 3609 1157 3722 cumprime
1180 3607 1366 3696 oonflidiu
1482 3635 1565 3698 nrm
1584 3639 1707 3724 quum
1731 3617 2034 3732 insequeretur,

389 3726 550 3813 obviam
571 3725 677 3813 fado
699 3725 804 3814 forti
831 3725 989 3812 fenum
1003 3721 1212 3834 Agrippa,
1246 3745 1329 3805 non
1446 3750 1474 3807 o
1493 3749 1576 3808 non
1598 3725 1786 3814 assecutus
1800 3729 1859 3816 est
1876 3733 2033 3824 Taure-

391 3839 519 3935 stum,
545 3861 614 3926 aut
629 3837 797 3924 villoriae
808 3835 976 3924 fmunn
993 3831 1163 3946 aliquem
1177 3830 1379 3946 percepit,
1396 3829 1479 3920 -sed
1498 3832 1687 3947 ipserum
1707 3837 2032 3938 Tarcondimoto

392 3948 541 4034 Cilicia:
560 3949 695 4062 Rege,
721 3944 1032 4060 aliisquemultie
1046 3943 1197 4030 interiit.

225 4066 315 4206 u
390 4055 1795 4282 Qum
1810 4064 2035 4272 ”lert

389 4307 582 4393 quoque,
610 4285 682 4395 qui
708 4305 867 4396 praeerat
890 4275 1139 4396 legionibus,
1165 4277 1235 4362 sub
1252 4277 1377 4390 ipsum
1407 4277 1610 4366 discrrmen
1635 4305 1781 4370 mutata
1806 4287 1999 4379 sententia
2012 4349 2029 4396 ,
2177 4301 2178 4340 ³

387 4420 501 4480 autor
516 4391 618 4492 fuit,
654 4414 698 4478 ut
713 4395 967 4504 Cleopatram
988 4387 1198 4474 remitteret
1216 4441 1244 4486 „
1263 4387 1527 4504 recedensque
1542 4397 1586 4477 in-
1604 4391 1785 4478 Traciam
1801 4399 1861 4482 vel
1886 4403 2031 4492 Mane·

251 4541 256 4552 ·
384 4506 578 4600 doniam,
627 4505 853 4590 decerneret
886 4500 1049 4588 terrestri
1081 4501 1221 4584 Marte.
1285 4497 1668 4722 Qppgqssetatum
1705 4533 1770 4590 rex
1805 4509 2030 4615 Dicomes,

387 4641 527 4729 magna
545 4643 663 4700 manu
677 4613 904 4700 ostendebat
927 4612 1020 4698 seei
1034 4609 1319 4696 subventurum.
1473 4637 1522 4696 ue
1538 4613 1634 4697 vero
1655 4615 1732 4700 effe
1756 4617 1941 4706 infameli
1957 4653 2032 4710 ert·
2100 4655 2103 4666 ·

386 4729 569 4813 cercitato
592 4727 696 4812 bello
725 4725 884 4822 Siculo,
919 4721 1061 4806 Caesari
1081 4723 1175 4806 mari
1196 4719 1387 4817 cederet,
1414 4719 1480 4804 sed
1503 4723 1709 4808 absurdum
1736 4727 1763 4810 st
1787 4735 2033 4823 terrestrium

385 4840 637 4923 certaminum
657 4831 850 4921 Antonini
865 4830 1136 4944 peririssimus,
1163 4854 1224 4957 tor
1238 4831 1439 4944 legionum
1452 4859 1536 4958 non
1554 4857 1724 4922 uteretur
1740 4840 1880 4928 robore
1897 4835 2033 4962 Arap-

230 5081 268 5144 ·.
385 4941 1596 5163 pnla'teurt’lnlegntllmlrlgddegrludr'llsllgltlteprtaltntaccfficcmutwlffium
1612 5054 1915 5161 decerneretur,
1950 5068 2034 5154 cir.

387 5166 640 5278 cumspicienu
653 5165 735 5276 jam
754 5190 835 5249 tunt
853 5163 1007 5277 fugam,
1033 5162 1550 5286 componensque-tensurus,
1576 5193 1657 5248 non
1671 5171 1736 5252 ubi
1752 5170 1803 5252 ad
1818 5172 2048 5266 vidoriam·

386 5279 624 5374 consuleret,
652 5273 718 5360 sed
739 5277 844 5360 unde
860 5274 1062 5385 expediret
1077 5271 1209 5388 fugam
1225 5276 1341 5358 rebus
1353 5270 1511 5384 perdtus
1531 5280 1649 5384 qultn
1664 5275 1855 5365 facillime.
1883 5286 2031 5376 Prodi.

226 5409 234 5428 ·
335 5452 344 5474 .
386 5390 491 5501 digia
507 5412 760 5482 autemeam,
786 5387 895 5470 utira
909 5384 1082 5481 sentiret,
1096 5383 1349 5509 impulerant,
1366 5406 1574 5496 propterea
1592 5389 1775 5474 moestitia
1792 5419 1839 5476 ae
1853 5393 2027 5486 infirmi.

386 5525 468 5588 tate
491 5499 702 5610 Cleopatra
725 5498 883 5592 territa,
912 5499 1089 5580 Antonio
1108 5520 1272 5607 qunque
1297 5515 1476 5582 umorem
1496 5495 1696 5604 injecerat·
1744 5499 1897 5614 Neque
1916 5515 2021 5598 rere}

385 5634 452 5697 aut
463 5609 597 5692 ‘sutrim
615 5633 682 5693 aut
700 5608 858 5714 palam,
885 5603 1117 5718 fugientium
1133 5632 1248 5719 more
1256 5605 1370 5689 avehi
1385 5605 1625 5704 statuerunt,
1657 5635 1709 5693 ne
1725 5613 1834 5697 sociis
1849 5641 2025 5735 quoque

385 5747 534 5806 metum
549 5723 788 5811 incuterent,
802 5716 1077 5826 sedemquam
1094 5717 1145 5800 ad
1157 5715 1293 5800 navale
1306 5716 1478 5829 prelium
1492 5717 1684 5824 instrudi,
1700 5744 1744 5807 ut
1756 5725 1913 5813 etiamsi
1925 5737 2028 5844 quie

160 5911 162 5916 ,
387 5833 538 5918 obstare
557 5831 693 5926 vellet,
720 5827 760 5910 vi
774 5826 974 5912 discessum
991 5823 1060 5909 fibi
1078 5825 1339 5934 conficerent..
1866 5871 1870 5878 ·

179 5955 313 6026 ‘nuere
350 5935 354 5942 ’
439 5941 648 6051 Postquam
667 5937 875 6024 decernere
898 5933 1032 6050 prelio
1056 5935 1181 6022 navali
1201 5934 1452 6024 delilstratum
1481 5938 1537 6023 est
1553 5939 1760 6050 ,reliquae
1774 5971 1895 6034 naves
1908 5975 2028 6044 extra

194 6036 303 6110 Μ·
373 6049 580 6164 “sexaginta
595 6051 802 6164 AEgyptias
814 6069 1191 6143 concremaremnt,
1218 6046 1385 6158 optimae
1402 6047 1577 6162 quasque
1595 6059 1635 6134 Ar
1651 6053 1897 6164 amplissimas
1912 6065 1937 6146 l
1954 6067 2028 6152 tri.

384 6163 619 6272 tentusque
638 6161 841 6246 adderem
853 6160 1041 6244 ordinum
1065 6161 1183 6243 naver
1202 6159 1442 6271 complevit..
1466 6159 1604 6264 Quum
1627 6169 1722 6248 vero
1734 6163 1859 6256 esstnt
1876 6179 2024 6264 omnia

379 6277 463 6386 jam
486 6273 693 6368 instruda,
723 6276 917 6358 Antonius
931 6291 1168 6372 convocatos
1189 6267 1330 6356 milites
1343 6269 1532 6362 allocutus
1546 6267 1634 6372 est,
1660 6273 1806 6364 deinde
1826 6281 2022 6397 imponit

203 6382 209 6394 '
364 6387 519 6498 -vrginti
538 6383 999 6498 milliapeditum&duo
1017 6379 1307 6501 summorum.
1898 6455 1907 6464 .
1947 6397 2018 6490 lbi
