4490 7184
402 345 472 358 *⁴
613 303 1300 398 rtotnMAEusv.
1559 287 1570 310 '
1712 337 1766 430 ῃ

24 517 29 528 .
151 447 373 538 Consesiim
401 444 638 562 Agathocles
646 449 843 642 pracepit
863 447 1111 544 Nicostrato,
1146 447 1369 559 quietata
1398 447 1491 532 cura
1504 445 1769 560 epistolarum,
1783 451 1964 518 trctnrt„

148 565 412 673 Maeragenem
439 584 483 642 ut
500 560 644 668 prehen
674 581 775 654 eret,
803 566 843 642 &
858 559 968 642 omni
984 579 1265 642 tormentorum
1335 581 1426 641 nete
1441 559 1643 670 proposito
1674 561 1767 646 veri·
1784 549 1935 672 ffissg

147 695 270 758 tarem
296 670 348 753 de
372 668 500 752 illoex
532 665 704 766 timeret,
733 670 799 752 bic
816 693 944 752 autem
964 669 1065 751 miro
1080 667 1205 751 modo
1219 696 1272 752 nu
1304 695 1348 751 us
1368 669 1391 748 ἐ
1408 671 1725 756 tormentirevasi
1754 686 1872 767 ,asca-

145 791 185 868 &
201 808 327 892 quum
343 803 479 892 praetet
496 697 601 887 sitem
616 781 667 864 ad
685 779 955 864 Macedonum
969 781 1182 862 tentorium
1197 777 1495 903 devenisset-eoa
1511 779 1688 864 hortatus
1712 696 1769 866 eh

144 917 189 978 ut
207 919 290 975 non
306 890 380 973 sua
396 891 547 974 tantum
565 889 673 975 saluti
690 889 956 986 consulerent,
983 887 1051 972 sed
1064 886 1380 1002 Regiaquoque,
1405 887 1571 1000 rlldsque
1585 893 1770 976 advertus

141 1001 408 1114 Agathoclem
426 1000 647 1086 concitavit.
673 1023 676 1030 ’
1286 1005 1287 1008 ‘
1486 1013 1525 1090 1
1895 1103 1897 1110 ,

196 1111 439 1196 Macedones
454 1114 550 1195 iram
567 1109 816 1221 concipiunt,
840 1108 965 1221 prima
982 1108 1131 1206 adeunt
1148 1109 1338 1206 tentoria,
1365 1107 1512 1196 deinde
1525 1109 1687 1196 aliorum
1697 1112 1768 1197 mi·
1780 1097 1899 1172 W*

141 1221 284 1318 litum,
317 1243 426 1305 erant
449 1244 581 1306 autem
605 1224 790 1306 continua
815 1226 856 1302 δι
884 1221 926 1304 in
950 1221 1066 1305 tinam
1094 1221 1199 1305 urbia
1222 1221 1599 1333 partemvergebant
1620 1224 1766 1310 omnia.

141 1332 283 1440 Qum
300 1354 434 1414 autem
449 1333 552 1444 tulgi
569 1333 708 1416 ineam
725 1359 807 1441 rern
825 1330 1052 1443 iampridem
1072 1331 1167 1415 esset
1181 1329 1541 1442 paratuaimpetus‚
1566 1358 1640 1416 nec
1654 1333 1766 1443 quic-

141 1467 261 1554 quam
277 1439 440 1538 deesset,
466 1463 603 1554 praeter
621 1467 711 1527 eum
731 1441 801 1553 qui
819 1429 1060 1556 hortaretur,
1088 1447 1128 1526 δι
1151 1443 1260 1526 daret
1290 1443 1550 1537 incentivum,
1583 1444 1768 1534 simulac
1860 1509 1863 1518 .

139 1556 338 1664 reacoepta
357 1552 435 1648 esi,
462 1552 623 1662 repente
640 1552 859 1637 incendium
877 1549 985 1662 quafi
1002 1550 1205 1662 quoddam
1226 1550 1379 1636 effulfit.
1435 1549 1639 1640 Necdum
1659 1554 1766 1640 enim

139 1683 310 1774 quatuor
338 1660 472 1769 ela'psae
495 1684 604 1747 erant
630 1665 756 1759 horae,
784 1669 964 1774 quum&
981 1662 1198 1747 militarium
1214 1663 1386 1748 tritorum
1401 1673 1442 1749 δι
1466 1663 1612 1758 civium
1633 1665 1766 1749 omnia

138 1797 282 1886 genera
296 1773 348 1854 ad
370 1771 646 1886 insurgendum
663 1777 703 1857 in
721 1771 978 1888 Agathoclem
993 1770 1276 1858 consenserunt.
1662 1815 1683 1853 .-

190 1883 294 1992 Qo
307 1883 398 1966 sane
414 1904 594 1990 tempore
610 1891 650 1966 δι
665 1881 774 1968 casua
791 1882 951 1992 quidam
970 1885 1020 1967 ad
1036 1909 1118 1967 rem
1133 1882 1215 1968 cito
1232 1881 1507 1996 perficiendam
1515 1884 1633 1971 valuit
1639 1885 1764 1998 pluri·¹
1774 1927 1893 1990 raaia

137 1995 261 2077 mim.
318 1991 525 2106 Agathocli
541 1991 692 2080 reddita
708 1995 765 2079 est
781 1993 968 2103 quadam.
978 1993 1163 2106 epistola,
1190 2004 1230 2080 &
1247 1995 1504 2105 speculatores
1518 1996 1571 2078 ad
1587 2023 1680 2082 eum
1688 1996 1760 2082 de·
1784 1999 1789 2010 '

138 2101 257 2188 dosii.
313 2102 524 2214 Epistulam
545 2101 800 2216 Tlepolemus
822 2102 1017 2212 scripserat
1041 2104 1093 2188 ad
1114 2107 1331 2202 exercitos,
1366 2105 1447 2190 cito
1470 2105 1510 2188 se
1531 2104 1763 2194 adfuturum

137 2215 333 2299 nuntians.
385 2215 651 2323 Speculatores
671 2214 753 2322 jam
777 2211 907 2298 adesse
931 2215 1161 2300 referebant
1217 2215 1316 2298 Hac
1340 2216 1396 2301 ita
1420 2216 1682 2328 Agathoclem
1707 2217 1762 2312 ὼ

139 2323 236 2409 siatu
252 2323 393 2408 mentis
408 2323 654 2433 dejecerunt,
679 2351 724 2408 ut
740 2323 880 2438 agendi
895 2321 1043 2436 aliquid
1057 2334 1098 2409 st
1112 2325 1353 2422 consultandi
1369 2326 1422 2412 de
1438 2329 1486 2408 iia
1499 2353 1587 2436 qoae
1603 2329 1764 2412 nuncia·

52 2445 58 2454 “
140 2455 179 2520 ta
194 2433 371 2530 fuerant,
398 2460 489 2518 cura
504 2435 658 2532 omissa,
679 2460 804 2546 mor,
829 2461 908 2545 qua
925 2435 1057 2520 solitus
1074 2460 1157 2520 erat
1175 2437 1293 2530 hora,
1320 2433 1373 2518 ad
1387 2437 1610 2524 convitium
1621 2438 1761 2526 abierit

138 2566 257 2654 atque
271 2543 327 2628 ibi
342 2571 415 2654 pro
433 2545 620 2632 consueto
637 2545 779 2642 motc,''
794 2545 912 2658 genio
929 2547 1028 2630 inter
1053 2544 1140 2630 suot
1153 2545 1363 2630 indulserit.
1457 2583 1464 2594 ·

174 2656 256 2740 ,Ut
272 2653 443 2763 primum
457 2656 584 2742 nostis
599 2657 776 2742 tenebras
792 2657 896 2739 cives
912 2653 999 2740 sunt
1016 2655 1190 2753 assecuti,
1219 2656 1407 2742 tumultur
1433 2655 1642 2754 luminum,
1668 2684 1752 2744 cur·
1771 2688 1891 2756 trata.

139 2761 324 2857 litationis
352 2764 465 2873 plena
485 2767 575 2853 urbe
591 2789 680 2852 erat
737 2765 814 2849 Alii
832 2765 872 2849 in
885 2765 1015 2873 sladio
1031 2792 1122 2854 cum
1137 2765 1308 2851 clamore
1321 2765 1568 2879 congregati,
1594 2769 1757 2872 aliimu·

139 2897 209 2962 tuo
223 2872 303 2958 sese
321 2875 532 2974 cohortati,
557 2877 621 2963 alii
635 2899 679 2962 ut
693 2874 785 2988 fuga
801 2876 903 2958 malo
914 2881 1206 2986 preverteren't,
1232 2877 1275 2960 in
1291 2877 1434 2962 domos
1452 2877 1586 2962 &loca
1596 2880 1757 2967 minime

139 2985 307 3096 sospesh
331 2981 370 3070 se
387 2985 542 3072 abdere.
589 2987 679 3100 Jam
695 2985 889 3097 quidquid
903 2987 960 3069 est
981 2993 1112 3070 vacuae
1126 3013 1224 3072 area
1242 2987 1345 3072 circa
1358 2987 1548 3100 Regiam,
1575 2989 1669 3080 item
1688 2991 1761 3075 sta·

138 3095 268 3193 diunt,
301 3099 343 3178 bt
367 3096 520 3207 platea,
554 3100 666 3182 turba
691 3096 899 3180 hominum
923 3097 1051 3179 omnis
1065 3098 1344 3208 genetiaerant
1355 3095 1514 3194 referta,
1540 3103 1763 3214 eorumque·

139 3209 304 3292 maxima
316 3201 553 3318 frequentia,
578 3211 649 3319 qui
665 3207 793 3292 Liberi
809 3205 926 3316 patria
939 3207 1154 3291 Theatrum
1174 3208 1365 3294 celebrare
1378 3207 1515 3293 solent.

190 3313 448 3432 Agathoclea,
475 3319 637 3429 quinon
651 3317 782 3403 ¹multo
801 3336 913 3412 ante,
940 3316 1122 3401 convivio
1138 3315 1259 3403 finem
1276 3317 1532 3427 imposuerat,
1557 3319 1653 3406 vino
1668 3347 1754 3448 gra-
1768 3339 1890 3426 lauttt
1931 3401 1950 3417 ,¹
2012 3389 2014 3398 .

138 3428 195 3512 ria
213 3431 237 3512 ὲ
252 3429 393 3514 somno
407 3431 615 3525 excitatur,
644 3432 685 3510 dt
700 3417 810 3513 omni
825 3451 919 3510 ctutr
935 3425 1001 3510 sua
1015 3427 1270 3539 cognatione,
1295 3427 1325 3510 fi
1340 3426 1545 3514 Philonem
1558 3437 1754 3542 excipiar,

136 3536 339 3652 (iiaaotern
348 3539 604 3650 Philopatoris
611 3536 739 3624 suerat
755 3535 953 3633 adulator,
979 3535 1190 3647 adscriptus
1204 3539 1357 3650 insuper
1370 3539 1470 3624 inter
1485 3538 1573 3648 ejus
1583 3541 1773 3652 atoricot)¹

137 3650 187 3732 ad
211 3653 364 3766 Regem
391 3651 522 3744 venit,
556 3648 664 3761 apud
688 3652 807 3758 quem
831 3670 957 3758 pauca
976 3649 1211 3757 conquestus
1238 3647 1290 3754 de
1314 3648 1513 3738 miserabili
1536 3649 1602 3733 sua
1624 3650 1773 3749 sorte,-

138 3781 251 3847 manu
265 3766 305 3847 ei
322 3759 583 3873 apprehensa,
608 3757 660 3842 ad
672 3759 780 3869 Syrin
894 3757 1047 3870 (eaesi
1068 3755 1283 3843 transitoria
1305 3758 1484 3872 quadam
1509 3759 1754 3872 ambulatio)

135 3893 223 4062 guar
243 3872 302 3956 esi
324 3872 427 3957 inter
453 3869 753 3954 Meandrum&
799 3867 1539 3967 alaesltamstadtheatrifertadimm,
1563 3869 1750 3959 ascendit:
1800 3937 1805 3954 .
1967 3919 1969 3927 =

163 3979 994 4080 eindecumduobutauttribussatellitibus,
1010 3979 1147 4094 Rege,
1172 3979 1754 4098 &cognatiaultratertiaasorea

136 4089 343 4206 sereoepit.
898 4115 901 4121 '
1812 4115 1816 4122 “
1880 4179 1884 4186 .
1972 4181 1975 4192 ,

185 4205 353 4313 Ubijam
364 4204 447 4312 diet
456 4202 840 4316 planeillueeseebat,
857 4205 1004 4290 clamor
1013 4201 1242 4289 audiebatur
1252 4206 1446 4300 incertus,
1471 4229 1613 4317 exquo
1621 4225 1752 4292 tamen
1763 4216 1883 4298 limita

132 4309 246 4427 Regii
261 4317 431 4400 nominis
444 4315 651 4426 appellatio
665 4316 860 4427 praecipue
873 4317 1075 4401 emicabat.
1131 4315 1374 4400 Macedones
1390 4315 1464 4398 suia
1478 4317 1598 4400 exciti
1622 4321 1750 4403 taber·
1823 4341 1826 4350 ’

132 4424 274 4509 natulis
289 4426 341 4508 ad
356 4426 527 4539 Syringis
545 4447 677 4534 portae
694 4425 939 4511 accedunt&
954 4426 996 4510 R
1071 4449 1111 4508 m
1130 4421 1293 4510 sibidari
1310 4423 1546 4536 postulant·
1574 4425 1753 4540 Agatho·
1865 4526 1876 4540 ¹

132 4533 208 4618 cler
226 4537 272 4618 iis
290 4563 360 4648 per
376 4535 661 4620 Aristomenem
677 4535 841 4622 fortunar
857 4536 931 4621 sua
948 4536 998 4620 ad
1038 4557 1167 4636 atore¹
1197 4536 1308 4647 ,qui
1331 4534 1465 4646 postea
1484 4535 1613 4648 Regni
1632 4563 1776 4648 nego·-

130 4643 366 4744 tiacuravitt
388 4647 603 4754 separatum
613 4646 1029 4757 Regiamtelacedere,
1054 4649 1253 4758 potentis,
1281 4641 1752 4752 honoribua&reditibua,

126 4745 231 4837 ‘salta
254 4758 359 4852 vita,
390 4759 471 4869 esse
493 4756 741 4952 significavit,
775 4755 840 4840 sed
867 4755 965 4842 nihil
983 4756 1169 4853 obtinuit,
1196 4765 1237 4840 δι
1251 4756 1406 4865 Regem
1421 4781 1512 4838 cum
1529 4754 1750 4844 satellitibua

129 4866 302 4950 emittere
318 4869 513 4952 coasiuae
547 4929 556 4948 .

178 4975 422 5061 Macedones
443 4976 624 5062 traditum
650 4973 721 5060 fibi
735 4975 916 5086 Regem,
941 5000 1048 5087 equo
1064 4975 1190 5064 statim
1205 4975 1433 5087 imponunt,
1460 4982 1499 5060 δι
1519 4978 1560 5060 in
1579 4975 1741 5062 stadium
1752 5007 1873 5078 tauta.
1897 4941 1912 4990 λ’
1935 5067 1943 5090 4
2158 4940 2171 5073 ¹:
2209 4932 2215 5077 l

128 5083 336 5192 adducunt.
392 5086 459 5171 Ad
474 5087 586 5196 cujua
604 5085 855 5196 conspersum
869 5084 1243 5200 clamorescplausu
1259 5089 1309 5173 ab
1328 5085 1743 5174 universatoronaedi·
2098 5089 2102 5099 “
2210 5088 2214 5103 '

125 5219 188 5292 to,
214 5221 365 5308 equum
381 5197 532 5292 sistunt,
558 5225 604 5280 ac
620 5198 837 5282 denaslum
852 5196 946 5280 inde
960 5223 1123 5307 puerum
1140 5197 1301 5310 propitia
1319 5197 1530 5286 admovent
1547 5206 1586 5282 st
1602 5201 1643 5281 in
1663 5201 1743 5284 Re·

124 5307 235 5497 gibus
247 5307 408 5440 proprio
427 5307 621 5417 speslandi
639 5307 816 5433 suggeslu
832 5307 1034 5436 collocant
1090 5312 1276 5433 Atturba
1289 5307 1574 5438 partimlaetari,
1601 5311 1740 5446 partina
1760 5381 1772 5440 Ι.
1895 5406 1900 5416 ,

154 5415 279 5513 olere,
311 5419 428 5537 quod
455 5445 619 5526 puerum
644 5417 891 5526 recepissent,
922 5417 1303 5530 lretrtrsgestrebantr
1328 5419 1447 5528 quod
1459 5446 1543 5502 non
1558 5426 1598 5502 bc
1613 5419 1770 5504 sontes-

44 5561 47 5570 *
126 5522 234 5613 simul
251 5527 520 5636 comprehensi
542 5527 698 5623 forent,
724 5529 1117 5655 necmeritaapoenaa
1132 5527 1281 5622 luerent
1300 5530 1401 5639 aegre
1424 5527 1612 5625 serebant,
1664 5529 1744 5639 lgi-
1894 5627 1900 5640 ι
1955 5585 1961 5594 .
2029 5495 2036 5510 '
2169 5474 2217 5519 '¹

67 5695 71 5706 .
124 5637 392 5722 turcontiouia
406 5638 637 5741 clamoribus
653 5639 1227 5725 malorumoninrumauslorea
1240 5639 1334 5733 duci
1352 5637 1563 5745 jubebant,
1604 5660 1649 5726 ut
1669 5663 1741 5750 pet

124 5747 382 5846 omniumota
398 5748 561 5832 tradusii
581 5749 709 5854 poenis
719 5748 977 5836 afficerentur.
1204 5769 1208 5776 “
1246 5771 1248 5778 “
1301 5767 1307 5777 ’

170 5855 259 5964 lam
272 5883 412 5942 exorto
425 5857 511 5955 die,
536 5883 659 5968 quom
676 5857 773 5944 nihil
791 5861 962 5970 populus
977 5862 1186 5958 inveniret,
1211 5862 1253 5945 in
1266 5862 1380 5972 quod
1397 5858 1740 5954 iramsuamessun·
1754 5893 1870 5975 tanta,⁴

122 5961 261 6066 deret,
278 5967 447 6052 Sosibius
459 5966 598 6053 Sosibii
611 5967 660 6050 F:
674 5970 772 6079 quid
788 5971 893 6082 Regi
910 5973 1138 6082 Reganue
1150 5973 1371 6083 expediret,
1397 5970 1766 6084 tumoptimepen
1794 5971 1797 5976 ’

122 6071 253 6184 spexit.
309 6079 419 6164 Nana
436 6079 507 6188 qui
521 6081 616 6162 iram
631 6079 890 6165 multitudinis
904 6081 1025 6166 sedari
1040 6081 1151 6165 nullo
1165 6084 1288 6193 pasto·
1298 6082 1406 6193 posse
1421 6104 1618 6182 edomet,
1645 6109 1743 6194 pue·

122 6211 208 6274 rum
221 6188 320 6276 verb
333 6215 480 6306 angore
496 6188 625 6287 affici,
650 6192 791 6302 partim
807 6190 928 6308 quod
945 6217 1082 6282 eorum
1096 6193 1168 6310 qui
1166 6191 1257 6396 1gbl
1283 6191 1445 6324 aderam
1465 6193 1613 6282 nemini
1627 6215 1741 6283 antea

235 6366 240 6376 .
1644 6328 1739 6394 con·
